1











































<div class="product"><a href="https://www.amazon.com/dp/B00VTVE4Z6?tag=eloabder-20&linkCode=osi&th=1&psc=1"><img src="https://m.media-amazon.com/images/I/21Gp9b3ASJL._SL500_.jpg" alt="Product Image"></a><p>Fruit Of The Loom Boys Eversoft Cotton Undershirts, T Shirts & Tank Tops Underwear, T Shirt - Boys - 5 Pack - White, X-Large US</p><p>$9.99</p><a href="https://www.amazon.com/dp/B00VTVE4Z6?tag=eloabder-20&linkCode=osi&th=1&psc=1">View Product</a></div>








<div class="product"><a href="https://www.amazon.com/dp/B00VTVE4Z6?tag=eloabder-20&linkCode=osi&th=1&psc=1"><img src="https://m.media-amazon.com/images/I/21Gp9b3ASJL._SL500_.jpg" alt="Product Image"></a><p>Fruit Of The Loom Boys Eversoft Cotton Undershirts, T Shirts & Tank Tops Underwear, T Shirt - Boys - 5 Pack - White, X-Large US</p><p>$9.99</p><a href="https://www.amazon.com/dp/B00VTVE4Z6?tag=eloabder-20&linkCode=osi&th=1&psc=1">View Product</a></div>









<div class="product"><a href="https://www.amazon.com/dp/B00VTVE4Z6?tag=eloabder-20&linkCode=osi&th=1&psc=1"><img src="https://m.media-amazon.com/images/I/21Gp9b3ASJL._SL500_.jpg" alt="Product Image"></a><p>Fruit Of The Loom Boys Eversoft Cotton Undershirts, T Shirts & Tank Tops Underwear, T Shirt - Boys - 5 Pack - White, X-Large US</p><p>$9.99</p><a href="https://www.amazon.com/dp/B00VTVE4Z6?tag=eloabder-20&linkCode=osi&th=1&psc=1">View Product</a></div>

<div class="product"><a href="https://www.amazon.com/dp/B07T8C2FGP?tag=eloabder-20&linkCode=osi&th=1&psc=1"><img src="https://m.media-amazon.com/images/I/11REPowhbuL._SL500_.jpg" alt="Product Image"></a><p>Hanes Boys' Tank Undershirt, EcoSmart Cotton Shirt, Multiple Packs Available, White, Small</p><p>$9.00</p><a href="https://www.amazon.com/dp/B07T8C2FGP?tag=eloabder-20&linkCode=osi&th=1&psc=1">View Product</a></div><div class="product"><a href="https://www.amazon.com/dp/B07GLLY1B5?tag=eloabder-20&linkCode=osi&th=1&psc=1"><img src="https://m.media-amazon.com/images/I/21jImswBMOL._SL500_.jpg" alt="Product Image"></a><p>Fruit Of The Loom Boys Eversoft Cotton Undershirts, T Shirts & Tank Tops Underwear, Tank - Boys - 10 Pack - White, Small US</p><p>$18.99</p><a href="https://www.amazon.com/dp/B07GLLY1B5?tag=eloabder-20&linkCode=osi&th=1&psc=1">View Product</a></div>








<div class="product"><a href="https://www.amazon.com/dp/B00VTVE4Z6?tag=eloabder-20&linkCode=osi&th=1&psc=1"><img src="https://m.media-amazon.com/images/I/21Gp9b3ASJL._SL500_.jpg" alt="Product Image"></a><p>Fruit Of The Loom Boys Eversoft Cotton Undershirts, T Shirts & Tank Tops Underwear, T Shirt - Boys - 5 Pack - White, X-Large US</p><p>$9.99</p><a href="https://www.amazon.com/dp/B00VTVE4Z6?tag=eloabder-20&linkCode=osi&th=1&psc=1">View Product</a></div>

<div class="product"><a href="https://www.amazon.com/dp/B07T8C2FGP?tag=eloabder-20&linkCode=osi&th=1&psc=1"><img src="https://m.media-amazon.com/images/I/11REPowhbuL._SL500_.jpg" alt="Product Image"></a><p>Hanes Boys' Tank Undershirt, EcoSmart Cotton Shirt, Multiple Packs Available, White, Small</p><p>$9.00</p><a href="https://www.amazon.com/dp/B07T8C2FGP?tag=eloabder-20&linkCode=osi&th=1&psc=1">View Product</a></div><div class="product"><a href="https://www.amazon.com/dp/B07GLLY1B5?tag=eloabder-20&linkCode=osi&th=1&psc=1"><img src="https://m.media-amazon.com/images/I/21jImswBMOL._SL500_.jpg" alt="Product Image"></a><p>Fruit Of The Loom Boys Eversoft Cotton Undershirts, T Shirts & Tank Tops Underwear, Tank - Boys - 10 Pack - White, Small US</p><p>$18.99</p><a href="https://www.amazon.com/dp/B07GLLY1B5?tag=eloabder-20&linkCode=osi&th=1&psc=1">View Product</a></div>









<div class="product"><a href="https://www.amazon.com/dp/B00VTVE4Z6?tag=eloabder-20&linkCode=osi&th=1&psc=1"><img src="https://m.media-amazon.com/images/I/21Gp9b3ASJL._SL500_.jpg" alt="Product Image"></a><p>Fruit Of The Loom Boys Eversoft Cotton Undershirts, T Shirts & Tank Tops Underwear, T Shirt - Boys - 5 Pack - White, X-Large US</p><p>$9.99</p><a href="https://www.amazon.com/dp/B00VTVE4Z6?tag=eloabder-20&linkCode=osi&th=1&psc=1">View Product</a></div>

<div class="product"><a href="https://www.amazon.com/dp/B07T8C2FGP?tag=eloabder-20&linkCode=osi&th=1&psc=1"><img src="https://m.media-amazon.com/images/I/11REPowhbuL._SL500_.jpg" alt="Product Image"></a><p>Hanes Boys' Tank Undershirt, EcoSmart Cotton Shirt, Multiple Packs Available, White, Small</p><p>$9.00</p><a href="https://www.amazon.com/dp/B07T8C2FGP?tag=eloabder-20&linkCode=osi&th=1&psc=1">View Product</a></div><div class="product"><a href="https://www.amazon.com/dp/B07GLLY1B5?tag=eloabder-20&linkCode=osi&th=1&psc=1"><img src="https://m.media-amazon.com/images/I/21jImswBMOL._SL500_.jpg" alt="Product Image"></a><p>Fruit Of The Loom Boys Eversoft Cotton Undershirts, T Shirts & Tank Tops Underwear, Tank - Boys - 10 Pack - White, Small US</p><p>$18.99</p><a href="https://www.amazon.com/dp/B07GLLY1B5?tag=eloabder-20&linkCode=osi&th=1&psc=1">View Product</a></div>










<div class="product"><a href="https://www.amazon.com/dp/B00VTVE4Z6?tag=eloabder-20&linkCode=osi&th=1&psc=1"><img src="https://m.media-amazon.com/images/I/21Gp9b3ASJL._SL500_.jpg" alt="Product Image"></a><p>Fruit Of The Loom Boys Eversoft Cotton Undershirts, T Shirts & Tank Tops Underwear, T Shirt - Boys - 5 Pack - White, X-Large US</p><p>$9.99</p><a href="https://www.amazon.com/dp/B00VTVE4Z6?tag=eloabder-20&linkCode=osi&th=1&psc=1">View Product</a></div>

<div class="product"><a href="https://www.amazon.com/dp/B07T8C2FGP?tag=eloabder-20&linkCode=osi&th=1&psc=1"><img src="https://m.media-amazon.com/images/I/11REPowhbuL._SL500_.jpg" alt="Product Image"></a><p>Hanes Boys' Tank Undershirt, EcoSmart Cotton Shirt, Multiple Packs Available, White, Small</p><p>$9.00</p><a href="https://www.amazon.com/dp/B07T8C2FGP?tag=eloabder-20&linkCode=osi&th=1&psc=1">View Product</a></div><div class="product"><a href="https://www.amazon.com/dp/B07GLLY1B5?tag=eloabder-20&linkCode=osi&th=1&psc=1"><img src="https://m.media-amazon.com/images/I/21jImswBMOL._SL500_.jpg" alt="Product Image"></a><p>Fruit Of The Loom Boys Eversoft Cotton Undershirts, T Shirts & Tank Tops Underwear, Tank - Boys - 10 Pack - White, Small US</p><p>$18.99</p><a href="https://www.amazon.com/dp/B07GLLY1B5?tag=eloabder-20&linkCode=osi&th=1&psc=1">View Product</a></div>











<div class="product"><a href="https://www.amazon.com/dp/B00VTVE4Z6?tag=eloabder-20&linkCode=osi&th=1&psc=1"><img src="https://m.media-amazon.com/images/I/21Gp9b3ASJL._SL500_.jpg" alt="Product Image"></a><p>Fruit Of The Loom Boys Eversoft Cotton Undershirts, T Shirts & Tank Tops Underwear, T Shirt - Boys - 5 Pack - White, X-Large US</p><p>$9.99</p><a href="https://www.amazon.com/dp/B00VTVE4Z6?tag=eloabder-20&linkCode=osi&th=1&psc=1">View Product</a></div>

<div class="product"><a href="https://www.amazon.com/dp/B07T8C2FGP?tag=eloabder-20&linkCode=osi&th=1&psc=1"><img src="https://m.media-amazon.com/images/I/11REPowhbuL._SL500_.jpg" alt="Product Image"></a><p>Hanes Boys' Tank Undershirt, EcoSmart Cotton Shirt, Multiple Packs Available, White, Small</p><p>$9.00</p><a href="https://www.amazon.com/dp/B07T8C2FGP?tag=eloabder-20&linkCode=osi&th=1&psc=1">View Product</a></div><div class="product"><a href="https://www.amazon.com/dp/B07GLLY1B5?tag=eloabder-20&linkCode=osi&th=1&psc=1"><img src="https://m.media-amazon.com/images/I/21jImswBMOL._SL500_.jpg" alt="Product Image"></a><p>Fruit Of The Loom Boys Eversoft Cotton Undershirts, T Shirts & Tank Tops Underwear, Tank - Boys - 10 Pack - White, Small US</p><p>$18.99</p><a href="https://www.amazon.com/dp/B07GLLY1B5?tag=eloabder-20&linkCode=osi&th=1&psc=1">View Product</a></div>












<div class="product"><a href="https://www.amazon.com/dp/B00VTVE4Z6?tag=eloabder-20&linkCode=osi&th=1&psc=1"><img src="https://m.media-amazon.com/images/I/21Gp9b3ASJL._SL500_.jpg" alt="Product Image"></a><p>Fruit Of The Loom Boys Eversoft Cotton Undershirts, T Shirts & Tank Tops Underwear, T Shirt - Boys - 5 Pack - White, X-Large US</p><p>$9.99</p><a href="https://www.amazon.com/dp/B00VTVE4Z6?tag=eloabder-20&linkCode=osi&th=1&psc=1">View Product</a></div>

<div class="product"><a href="https://www.amazon.com/dp/B07T8C2FGP?tag=eloabder-20&linkCode=osi&th=1&psc=1"><img src="https://m.media-amazon.com/images/I/11REPowhbuL._SL500_.jpg" alt="Product Image"></a><p>Hanes Boys' Tank Undershirt, EcoSmart Cotton Shirt, Multiple Packs Available, White, Small</p><p>$9.00</p><a href="https://www.amazon.com/dp/B07T8C2FGP?tag=eloabder-20&linkCode=osi&th=1&psc=1">View Product</a></div><div class="product"><a href="https://www.amazon.com/dp/B07GLLY1B5?tag=eloabder-20&linkCode=osi&th=1&psc=1"><img src="https://m.media-amazon.com/images/I/21jImswBMOL._SL500_.jpg" alt="Product Image"></a><p>Fruit Of The Loom Boys Eversoft Cotton Undershirts, T Shirts & Tank Tops Underwear, Tank - Boys - 10 Pack - White, Small US</p><p>$18.99</p><a href="https://www.amazon.com/dp/B07GLLY1B5?tag=eloabder-20&linkCode=osi&th=1&psc=1">View Product</a></div>













<div class="product"><a href="https://www.amazon.com/dp/B00VTVE4Z6?tag=eloabder-20&linkCode=osi&th=1&psc=1"><img src="https://m.media-amazon.com/images/I/21Gp9b3ASJL._SL500_.jpg" alt="Product Image"></a><p>Fruit Of The Loom Boys Eversoft Cotton Undershirts, T Shirts & Tank Tops Underwear, T Shirt - Boys - 5 Pack - White, X-Large US</p><p>$9.99</p><a href="https://www.amazon.com/dp/B00VTVE4Z6?tag=eloabder-20&linkCode=osi&th=1&psc=1">View Product</a></div>

<div class="product"><a href="https://www.amazon.com/dp/B07T8C2FGP?tag=eloabder-20&linkCode=osi&th=1&psc=1"><img src="https://m.media-amazon.com/images/I/11REPowhbuL._SL500_.jpg" alt="Product Image"></a><p>Hanes Boys' Tank Undershirt, EcoSmart Cotton Shirt, Multiple Packs Available, White, Small</p><p>$9.00</p><a href="https://www.amazon.com/dp/B07T8C2FGP?tag=eloabder-20&linkCode=osi&th=1&psc=1">View Product</a></div><div class="product"><a href="https://www.amazon.com/dp/B07GLLY1B5?tag=eloabder-20&linkCode=osi&th=1&psc=1"><img src="https://m.media-amazon.com/images/I/21jImswBMOL._SL500_.jpg" alt="Product Image"></a><p>Fruit Of The Loom Boys Eversoft Cotton Undershirts, T Shirts & Tank Tops Underwear, Tank - Boys - 10 Pack - White, Small US</p><p>$18.99</p><a href="https://www.amazon.com/dp/B07GLLY1B5?tag=eloabder-20&linkCode=osi&th=1&psc=1">View Product</a></div>














<div class="product"><a href="https://www.amazon.com/dp/B00VTVE4Z6?tag=eloabder-20&linkCode=osi&th=1&psc=1"><img src="https://m.media-amazon.com/images/I/21Gp9b3ASJL._SL500_.jpg" alt="Product Image"></a><p>Fruit Of The Loom Boys Eversoft Cotton Undershirts, T Shirts & Tank Tops Underwear, T Shirt - Boys - 5 Pack - White, X-Large US</p><p>$9.99</p><a href="https://www.amazon.com/dp/B00VTVE4Z6?tag=eloabder-20&linkCode=osi&th=1&psc=1">View Product</a></div>

<div class="product"><a href="https://www.amazon.com/dp/B07T8C2FGP?tag=eloabder-20&linkCode=osi&th=1&psc=1"><img src="https://m.media-amazon.com/images/I/11REPowhbuL._SL500_.jpg" alt="Product Image"></a><p>Hanes Boys' Tank Undershirt, EcoSmart Cotton Shirt, Multiple Packs Available, White, Small</p><p>$9.00</p><a href="https://www.amazon.com/dp/B07T8C2FGP?tag=eloabder-20&linkCode=osi&th=1&psc=1">View Product</a></div><div class="product"><a href="https://www.amazon.com/dp/B07GLLY1B5?tag=eloabder-20&linkCode=osi&th=1&psc=1"><img src="https://m.media-amazon.com/images/I/21jImswBMOL._SL500_.jpg" alt="Product Image"></a><p>Fruit Of The Loom Boys Eversoft Cotton Undershirts, T Shirts & Tank Tops Underwear, Tank - Boys - 10 Pack - White, Small US</p><p>$18.99</p><a href="https://www.amazon.com/dp/B07GLLY1B5?tag=eloabder-20&linkCode=osi&th=1&psc=1">View Product</a></div>















<div class="product"><a href="https://www.amazon.com/dp/B00VTVE4Z6?tag=eloabder-20&linkCode=osi&th=1&psc=1"><img src="https://m.media-amazon.com/images/I/21Gp9b3ASJL._SL500_.jpg" alt="Product Image"></a><p>Fruit Of The Loom Boys Eversoft Cotton Undershirts, T Shirts & Tank Tops Underwear, T Shirt - Boys - 5 Pack - White, X-Large US</p><p>$9.99</p><a href="https://www.amazon.com/dp/B00VTVE4Z6?tag=eloabder-20&linkCode=osi&th=1&psc=1">View Product</a></div>

<div class="product"><a href="https://www.amazon.com/dp/B07T8C2FGP?tag=eloabder-20&linkCode=osi&th=1&psc=1"><img src="https://m.media-amazon.com/images/I/11REPowhbuL._SL500_.jpg" alt="Product Image"></a><p>Hanes Boys' Tank Undershirt, EcoSmart Cotton Shirt, Multiple Packs Available, White, Small</p><p>$9.00</p><a href="https://www.amazon.com/dp/B07T8C2FGP?tag=eloabder-20&linkCode=osi&th=1&psc=1">View Product</a></div><div class="product"><a href="https://www.amazon.com/dp/B07GLLY1B5?tag=eloabder-20&linkCode=osi&th=1&psc=1"><img src="https://m.media-amazon.com/images/I/21jImswBMOL._SL500_.jpg" alt="Product Image"></a><p>Fruit Of The Loom Boys Eversoft Cotton Undershirts, T Shirts & Tank Tops Underwear, Tank - Boys - 10 Pack - White, Small US</p><p>$18.99</p><a href="https://www.amazon.com/dp/B07GLLY1B5?tag=eloabder-20&linkCode=osi&th=1&psc=1">View Product</a></div>
















<div class="product"><a href="https://www.amazon.com/dp/B00VTVE4Z6?tag=eloabder-20&linkCode=osi&th=1&psc=1"><img src="https://m.media-amazon.com/images/I/21Gp9b3ASJL._SL500_.jpg" alt="Product Image"></a><p>Fruit Of The Loom Boys Eversoft Cotton Undershirts, T Shirts & Tank Tops Underwear, T Shirt - Boys - 5 Pack - White, X-Large US</p><p>$9.99</p><a href="https://www.amazon.com/dp/B00VTVE4Z6?tag=eloabder-20&linkCode=osi&th=1&psc=1">View Product</a></div>

<div class="product"><a href="https://www.amazon.com/dp/B07T8C2FGP?tag=eloabder-20&linkCode=osi&th=1&psc=1"><img src="https://m.media-amazon.com/images/I/11REPowhbuL._SL500_.jpg" alt="Product Image"></a><p>Hanes Boys' Tank Undershirt, EcoSmart Cotton Shirt, Multiple Packs Available, White, Small</p><p>$9.00</p><a href="https://www.amazon.com/dp/B07T8C2FGP?tag=eloabder-20&linkCode=osi&th=1&psc=1">View Product</a></div><div class="product"><a href="https://www.amazon.com/dp/B07GLLY1B5?tag=eloabder-20&linkCode=osi&th=1&psc=1"><img src="https://m.media-amazon.com/images/I/21jImswBMOL._SL500_.jpg" alt="Product Image"></a><p>Fruit Of The Loom Boys Eversoft Cotton Undershirts, T Shirts & Tank Tops Underwear, Tank - Boys - 10 Pack - White, Small US</p><p>$18.99</p><a href="https://www.amazon.com/dp/B07GLLY1B5?tag=eloabder-20&linkCode=osi&th=1&psc=1">View Product</a></div>

















<div class="product"><a href="https://www.amazon.com/dp/B00VTVE4Z6?tag=eloabder-20&linkCode=osi&th=1&psc=1"><img src="https://m.media-amazon.com/images/I/21Gp9b3ASJL._SL500_.jpg" alt="Product Image"></a><p>Fruit Of The Loom Boys Eversoft Cotton Undershirts, T Shirts & Tank Tops Underwear, T Shirt - Boys - 5 Pack - White, X-Large US</p><p>$9.99</p><a href="https://www.amazon.com/dp/B00VTVE4Z6?tag=eloabder-20&linkCode=osi&th=1&psc=1">View Product</a></div>

<div class="product"><a href="https://www.amazon.com/dp/B07T8C2FGP?tag=eloabder-20&linkCode=osi&th=1&psc=1"><img src="https://m.media-amazon.com/images/I/11REPowhbuL._SL500_.jpg" alt="Product Image"></a><p>Hanes Boys' Tank Undershirt, EcoSmart Cotton Shirt, Multiple Packs Available, White, Small</p><p>$9.00</p><a href="https://www.amazon.com/dp/B07T8C2FGP?tag=eloabder-20&linkCode=osi&th=1&psc=1">View Product</a></div><div class="product"><a href="https://www.amazon.com/dp/B07GLLY1B5?tag=eloabder-20&linkCode=osi&th=1&psc=1"><img src="https://m.media-amazon.com/images/I/21jImswBMOL._SL500_.jpg" alt="Product Image"></a><p>Fruit Of The Loom Boys Eversoft Cotton Undershirts, T Shirts & Tank Tops Underwear, Tank - Boys - 10 Pack - White, Small US</p><p>$18.99</p><a href="https://www.amazon.com/dp/B07GLLY1B5?tag=eloabder-20&linkCode=osi&th=1&psc=1">View Product</a></div>


















<div class="product"><a href="https://www.amazon.com/dp/B00VTVE4Z6?tag=eloabder-20&linkCode=osi&th=1&psc=1"><img src="https://m.media-amazon.com/images/I/21Gp9b3ASJL._SL500_.jpg" alt="Product Image"></a><p>Fruit Of The Loom Boys Eversoft Cotton Undershirts, T Shirts & Tank Tops Underwear, T Shirt - Boys - 5 Pack - White, X-Large US</p><p>$9.99</p><a href="https://www.amazon.com/dp/B00VTVE4Z6?tag=eloabder-20&linkCode=osi&th=1&psc=1">View Product</a></div>

<div class="product"><a href="https://www.amazon.com/dp/B07T8C2FGP?tag=eloabder-20&linkCode=osi&th=1&psc=1"><img src="https://m.media-amazon.com/images/I/11REPowhbuL._SL500_.jpg" alt="Product Image"></a><p>Hanes Boys' Tank Undershirt, EcoSmart Cotton Shirt, Multiple Packs Available, White, Small</p><p>$9.00</p><a href="https://www.amazon.com/dp/B07T8C2FGP?tag=eloabder-20&linkCode=osi&th=1&psc=1">View Product</a></div><div class="product"><a href="https://www.amazon.com/dp/B07GLLY1B5?tag=eloabder-20&linkCode=osi&th=1&psc=1"><img src="https://m.media-amazon.com/images/I/21jImswBMOL._SL500_.jpg" alt="Product Image"></a><p>Fruit Of The Loom Boys Eversoft Cotton Undershirts, T Shirts & Tank Tops Underwear, Tank - Boys - 10 Pack - White, Small US</p><p>$18.99</p><a href="https://www.amazon.com/dp/B07GLLY1B5?tag=eloabder-20&linkCode=osi&th=1&psc=1">View Product</a></div>



















<div class="product"><a href="https://www.amazon.com/dp/B00VTVE4Z6?tag=eloabder-20&linkCode=osi&th=1&psc=1"><img src="https://m.media-amazon.com/images/I/21Gp9b3ASJL._SL500_.jpg" alt="Product Image"></a><p>Fruit Of The Loom Boys Eversoft Cotton Undershirts, T Shirts & Tank Tops Underwear, T Shirt - Boys - 5 Pack - White, X-Large US</p><p>$9.99</p><a href="https://www.amazon.com/dp/B00VTVE4Z6?tag=eloabder-20&linkCode=osi&th=1&psc=1">View Product</a></div>

<div class="product"><a href="https://www.amazon.com/dp/B07T8C2FGP?tag=eloabder-20&linkCode=osi&th=1&psc=1"><img src="https://m.media-amazon.com/images/I/11REPowhbuL._SL500_.jpg" alt="Product Image"></a><p>Hanes Boys' Tank Undershirt, EcoSmart Cotton Shirt, Multiple Packs Available, White, Small</p><p>$9.00</p><a href="https://www.amazon.com/dp/B07T8C2FGP?tag=eloabder-20&linkCode=osi&th=1&psc=1">View Product</a></div><div class="product"><a href="https://www.amazon.com/dp/B07GLLY1B5?tag=eloabder-20&linkCode=osi&th=1&psc=1"><img src="https://m.media-amazon.com/images/I/21jImswBMOL._SL500_.jpg" alt="Product Image"></a><p>Fruit Of The Loom Boys Eversoft Cotton Undershirts, T Shirts & Tank Tops Underwear, Tank - Boys - 10 Pack - White, Small US</p><p>$18.99</p><a href="https://www.amazon.com/dp/B07GLLY1B5?tag=eloabder-20&linkCode=osi&th=1&psc=1">View Product</a></div>




















<div class="product"><a href="https://www.amazon.com/dp/B00VTVE4Z6?tag=eloabder-20&linkCode=osi&th=1&psc=1"><img src="https://m.media-amazon.com/images/I/21Gp9b3ASJL._SL500_.jpg" alt="Product Image"></a><p>Fruit Of The Loom Boys Eversoft Cotton Undershirts, T Shirts & Tank Tops Underwear, T Shirt - Boys - 5 Pack - White, X-Large US</p><p>$9.99</p><a href="https://www.amazon.com/dp/B00VTVE4Z6?tag=eloabder-20&linkCode=osi&th=1&psc=1">View Product</a></div>

<div class="product"><a href="https://www.amazon.com/dp/B07T8C2FGP?tag=eloabder-20&linkCode=osi&th=1&psc=1"><img src="https://m.media-amazon.com/images/I/11REPowhbuL._SL500_.jpg" alt="Product Image"></a><p>Hanes Boys' Tank Undershirt, EcoSmart Cotton Shirt, Multiple Packs Available, White, Small</p><p>$9.00</p><a href="https://www.amazon.com/dp/B07T8C2FGP?tag=eloabder-20&linkCode=osi&th=1&psc=1">View Product</a></div><div class="product"><a href="https://www.amazon.com/dp/B07GLLY1B5?tag=eloabder-20&linkCode=osi&th=1&psc=1"><img src="https://m.media-amazon.com/images/I/21jImswBMOL._SL500_.jpg" alt="Product Image"></a><p>Fruit Of The Loom Boys Eversoft Cotton Undershirts, T Shirts & Tank Tops Underwear, Tank - Boys - 10 Pack - White, Small US</p><p>$18.99</p><a href="https://www.amazon.com/dp/B07GLLY1B5?tag=eloabder-20&linkCode=osi&th=1&psc=1">View Product</a></div>





















<div class="product"><a href="https://www.amazon.com/dp/B00VTVE4Z6?tag=eloabder-20&linkCode=osi&th=1&psc=1"><img src="https://m.media-amazon.com/images/I/21Gp9b3ASJL._SL500_.jpg" alt="Product Image"></a><p>Fruit Of The Loom Boys Eversoft Cotton Undershirts, T Shirts & Tank Tops Underwear, T Shirt - Boys - 5 Pack - White, X-Large US</p><p>$9.99</p><a href="https://www.amazon.com/dp/B00VTVE4Z6?tag=eloabder-20&linkCode=osi&th=1&psc=1">View Product</a></div>

<div class="product"><a href="https://www.amazon.com/dp/B07T8C2FGP?tag=eloabder-20&linkCode=osi&th=1&psc=1"><img src="https://m.media-amazon.com/images/I/11REPowhbuL._SL500_.jpg" alt="Product Image"></a><p>Hanes Boys' Tank Undershirt, EcoSmart Cotton Shirt, Multiple Packs Available, White, Small</p><p>$9.00</p><a href="https://www.amazon.com/dp/B07T8C2FGP?tag=eloabder-20&linkCode=osi&th=1&psc=1">View Product</a></div><div class="product"><a href="https://www.amazon.com/dp/B07GLLY1B5?tag=eloabder-20&linkCode=osi&th=1&psc=1"><img src="https://m.media-amazon.com/images/I/21jImswBMOL._SL500_.jpg" alt="Product Image"></a><p>Fruit Of The Loom Boys Eversoft Cotton Undershirts, T Shirts & Tank Tops Underwear, Tank - Boys - 10 Pack - White, Small US</p><p>$18.99</p><a href="https://www.amazon.com/dp/B07GLLY1B5?tag=eloabder-20&linkCode=osi&th=1&psc=1">View Product</a></div>






















<div class="product"><a href="https://www.amazon.com/dp/B00VTVE4Z6?tag=eloabder-20&linkCode=osi&th=1&psc=1"><img src="https://m.media-amazon.com/images/I/21Gp9b3ASJL._SL500_.jpg" alt="Product Image"></a><p>Fruit Of The Loom Boys Eversoft Cotton Undershirts, T Shirts & Tank Tops Underwear, T Shirt - Boys - 5 Pack - White, X-Large US</p><p>$9.99</p><a href="https://www.amazon.com/dp/B00VTVE4Z6?tag=eloabder-20&linkCode=osi&th=1&psc=1">View Product</a></div>

<div class="product"><a href="https://www.amazon.com/dp/B07T8C2FGP?tag=eloabder-20&linkCode=osi&th=1&psc=1"><img src="https://m.media-amazon.com/images/I/11REPowhbuL._SL500_.jpg" alt="Product Image"></a><p>Hanes Boys' Tank Undershirt, EcoSmart Cotton Shirt, Multiple Packs Available, White, Small</p><p>$9.00</p><a href="https://www.amazon.com/dp/B07T8C2FGP?tag=eloabder-20&linkCode=osi&th=1&psc=1">View Product</a></div><div class="product"><a href="https://www.amazon.com/dp/B07GLLY1B5?tag=eloabder-20&linkCode=osi&th=1&psc=1"><img src="https://m.media-amazon.com/images/I/21jImswBMOL._SL500_.jpg" alt="Product Image"></a><p>Fruit Of The Loom Boys Eversoft Cotton Undershirts, T Shirts & Tank Tops Underwear, Tank - Boys - 10 Pack - White, Small US</p><p>$18.99</p><a href="https://www.amazon.com/dp/B07GLLY1B5?tag=eloabder-20&linkCode=osi&th=1&psc=1">View Product</a></div>























<div class="product"><a href="https://www.amazon.com/dp/B00VTVE4Z6?tag=eloabder-20&linkCode=osi&th=1&psc=1"><img src="https://m.media-amazon.com/images/I/21Gp9b3ASJL._SL500_.jpg" alt="Product Image"></a><p>Fruit Of The Loom Boys Eversoft Cotton Undershirts, T Shirts & Tank Tops Underwear, T Shirt - Boys - 5 Pack - White, X-Large US</p><p>$9.99</p><a href="https://www.amazon.com/dp/B00VTVE4Z6?tag=eloabder-20&linkCode=osi&th=1&psc=1">View Product</a></div>

<div class="product"><a href="https://www.amazon.com/dp/B07T8C2FGP?tag=eloabder-20&linkCode=osi&th=1&psc=1"><img src="https://m.media-amazon.com/images/I/11REPowhbuL._SL500_.jpg" alt="Product Image"></a><p>Hanes Boys' Tank Undershirt, EcoSmart Cotton Shirt, Multiple Packs Available, White, Small</p><p>$9.00</p><a href="https://www.amazon.com/dp/B07T8C2FGP?tag=eloabder-20&linkCode=osi&th=1&psc=1">View Product</a></div><div class="product"><a href="https://www.amazon.com/dp/B07GLLY1B5?tag=eloabder-20&linkCode=osi&th=1&psc=1"><img src="https://m.media-amazon.com/images/I/21jImswBMOL._SL500_.jpg" alt="Product Image"></a><p>Fruit Of The Loom Boys Eversoft Cotton Undershirts, T Shirts & Tank Tops Underwear, Tank - Boys - 10 Pack - White, Small US</p><p>$18.99</p><a href="https://www.amazon.com/dp/B07GLLY1B5?tag=eloabder-20&linkCode=osi&th=1&psc=1">View Product</a></div>
























<div class="product"><a href="https://www.amazon.com/dp/B00VTVE4Z6?tag=eloabder-20&linkCode=osi&th=1&psc=1"><img src="https://m.media-amazon.com/images/I/21Gp9b3ASJL._SL500_.jpg" alt="Product Image"></a><p>Fruit Of The Loom Boys Eversoft Cotton Undershirts, T Shirts & Tank Tops Underwear, T Shirt - Boys - 5 Pack - White, X-Large US</p><p>$9.99</p><a href="https://www.amazon.com/dp/B00VTVE4Z6?tag=eloabder-20&linkCode=osi&th=1&psc=1">View Product</a></div>

<div class="product"><a href="https://www.amazon.com/dp/B07T8C2FGP?tag=eloabder-20&linkCode=osi&th=1&psc=1"><img src="https://m.media-amazon.com/images/I/11REPowhbuL._SL500_.jpg" alt="Product Image"></a><p>Hanes Boys' Tank Undershirt, EcoSmart Cotton Shirt, Multiple Packs Available, White, Small</p><p>$9.00</p><a href="https://www.amazon.com/dp/B07T8C2FGP?tag=eloabder-20&linkCode=osi&th=1&psc=1">View Product</a></div><div class="product"><a href="https://www.amazon.com/dp/B07GLLY1B5?tag=eloabder-20&linkCode=osi&th=1&psc=1"><img src="https://m.media-amazon.com/images/I/21jImswBMOL._SL500_.jpg" alt="Product Image"></a><p>Fruit Of The Loom Boys Eversoft Cotton Undershirts, T Shirts & Tank Tops Underwear, Tank - Boys - 10 Pack - White, Small US</p><p>$18.99</p><a href="https://www.amazon.com/dp/B07GLLY1B5?tag=eloabder-20&linkCode=osi&th=1&psc=1">View Product</a></div>

























<div class="product"><a href="https://www.amazon.com/dp/B00VTVE4Z6?tag=eloabder-20&linkCode=osi&th=1&psc=1"><img src="https://m.media-amazon.com/images/I/21Gp9b3ASJL._SL500_.jpg" alt="Product Image"></a><p>Fruit Of The Loom Boys Eversoft Cotton Undershirts, T Shirts & Tank Tops Underwear, T Shirt - Boys - 5 Pack - White, X-Large US</p><p>$9.99</p><a href="https://www.amazon.com/dp/B00VTVE4Z6?tag=eloabder-20&linkCode=osi&th=1&psc=1">View Product</a></div>

<div class="product"><a href="https://www.amazon.com/dp/B07T8C2FGP?tag=eloabder-20&linkCode=osi&th=1&psc=1"><img src="https://m.media-amazon.com/images/I/11REPowhbuL._SL500_.jpg" alt="Product Image"></a><p>Hanes Boys' Tank Undershirt, EcoSmart Cotton Shirt, Multiple Packs Available, White, Small</p><p>$9.00</p><a href="https://www.amazon.com/dp/B07T8C2FGP?tag=eloabder-20&linkCode=osi&th=1&psc=1">View Product</a></div><div class="product"><a href="https://www.amazon.com/dp/B07GLLY1B5?tag=eloabder-20&linkCode=osi&th=1&psc=1"><img src="https://m.media-amazon.com/images/I/21jImswBMOL._SL500_.jpg" alt="Product Image"></a><p>Fruit Of The Loom Boys Eversoft Cotton Undershirts, T Shirts & Tank Tops Underwear, Tank - Boys - 10 Pack - White, Small US</p><p>$18.99</p><a href="https://www.amazon.com/dp/B07GLLY1B5?tag=eloabder-20&linkCode=osi&th=1&psc=1">View Product</a></div>

















<div class="product"><a href="https://www.amazon.com/dp/B0CC6T1BXL?tag=eloabder-20&linkCode=osi&th=1&psc=1"><img src="https://m.media-amazon.com/images/I/51QfOhhRTAL._SL500_.jpg" alt="Product Image"></a><p>Hanes Boys' Big Performance Tween Boxer Brief Pack, X-Temp Mesh Underwear, Assorted, 6-Pack, Black/Blue/Green/Grey-6 Pack, X-Large</p><p>$16.13</p><a href="https://www.amazon.com/dp/B0CC6T1BXL?tag=eloabder-20&linkCode=osi&th=1&psc=1">View Product</a></div>








<div class="product"><a href="https://www.amazon.com/dp/B00VTVE4Z6?tag=eloabder-20&linkCode=osi&th=1&psc=1"><img src="https://m.media-amazon.com/images/I/21Gp9b3ASJL._SL500_.jpg" alt="Product Image"></a><p>Fruit Of The Loom Boys Eversoft Cotton Undershirts, T Shirts & Tank Tops Underwear, T Shirt - Boys - 5 Pack - White, X-Large US</p><p>$9.99</p><a href="https://www.amazon.com/dp/B00VTVE4Z6?tag=eloabder-20&linkCode=osi&th=1&psc=1">View Product</a></div>

<div class="product"><a href="https://www.amazon.com/dp/B07T8C2FGP?tag=eloabder-20&linkCode=osi&th=1&psc=1"><img src="https://m.media-amazon.com/images/I/11REPowhbuL._SL500_.jpg" alt="Product Image"></a><p>Hanes Boys' Tank Undershirt, EcoSmart Cotton Shirt, Multiple Packs Available, White, Small</p><p>$9.00</p><a href="https://www.amazon.com/dp/B07T8C2FGP?tag=eloabder-20&linkCode=osi&th=1&psc=1">View Product</a></div><div class="product"><a href="https://www.amazon.com/dp/B07GLLY1B5?tag=eloabder-20&linkCode=osi&th=1&psc=1"><img src="https://m.media-amazon.com/images/I/21jImswBMOL._SL500_.jpg" alt="Product Image"></a><p>Fruit Of The Loom Boys Eversoft Cotton Undershirts, T Shirts & Tank Tops Underwear, Tank - Boys - 10 Pack - White, Small US</p><p>$18.99</p><a href="https://www.amazon.com/dp/B07GLLY1B5?tag=eloabder-20&linkCode=osi&th=1&psc=1">View Product</a></div>

















<div class="product"><a href="https://www.amazon.com/dp/B0CC6T1BXL?tag=eloabder-20&linkCode=osi&th=1&psc=1"><img src="https://m.media-amazon.com/images/I/51QfOhhRTAL._SL500_.jpg" alt="Product Image"></a><p>Hanes Boys' Big Performance Tween Boxer Brief Pack, X-Temp Mesh Underwear, Assorted, 6-Pack, Black/Blue/Green/Grey-6 Pack, X-Large</p><p>$16.13</p><a href="https://www.amazon.com/dp/B0CC6T1BXL?tag=eloabder-20&linkCode=osi&th=1&psc=1">View Product</a></div>
<div class="product"><a href="https://www.amazon.com/dp/B0CC6VPJ9T?tag=eloabder-20&linkCode=osi&th=1&psc=1"><img src="https://m.media-amazon.com/images/I/51QfOhhRTAL._SL500_.jpg" alt="Product Image"></a><p>Hanes Boys' Big Performance Tween Boxer Brief Pack, X-Temp Mesh Underwear, Assorted, Black/Blue/Green/Grey - 6 Pack, Small</p><p>$15.29</p><a href="https://www.amazon.com/dp/B0CC6VPJ9T?tag=eloabder-20&linkCode=osi&th=1&psc=1">View Product</a></div><div class="product"><a href="https://www.amazon.com/dp/B0BHX9MGTV?tag=eloabder-20&linkCode=osi&th=1&psc=1"><img src="https://m.media-amazon.com/images/I/41xmYCCb5TL._SL500_.jpg" alt="Product Image"></a><p>Hanes Men's Boys Boxer Briefs Pack, Cool Comfort Tagless Underwear, 7-Pack, Assorted, Large</p><p>$13.00</p><a href="https://www.amazon.com/dp/B0BHX9MGTV?tag=eloabder-20&linkCode=osi&th=1&psc=1">View Product</a></div><div class="product"><a href="https://www.amazon.com/dp/B071JVXMBW?tag=eloabder-20&linkCode=osi&th=1&psc=1"><img src="https://m.media-amazon.com/images/I/41dDO730qNL._SL500_.jpg" alt="Product Image"></a><p>Hanes Boys' and Toddler Underwear, Comfort Flex and ComfortSoft Boxer Briefs, Multiple Packs Available, Assorted-7 Pack, Large</p><p>$13.00</p><a href="https://www.amazon.com/dp/B071JVXMBW?tag=eloabder-20&linkCode=osi&th=1&psc=1">View Product</a></div>








<div class="product"><a href="https://www.amazon.com/dp/B00VTVE4Z6?tag=eloabder-20&linkCode=osi&th=1&psc=1"><img src="https://m.media-amazon.com/images/I/21Gp9b3ASJL._SL500_.jpg" alt="Product Image"></a><p>Fruit Of The Loom Boys Eversoft Cotton Undershirts, T Shirts & Tank Tops Underwear, T Shirt - Boys - 5 Pack - White, X-Large US</p><p>$9.99</p><a href="https://www.amazon.com/dp/B00VTVE4Z6?tag=eloabder-20&linkCode=osi&th=1&psc=1">View Product</a></div>

<div class="product"><a href="https://www.amazon.com/dp/B07T8C2FGP?tag=eloabder-20&linkCode=osi&th=1&psc=1"><img src="https://m.media-amazon.com/images/I/11REPowhbuL._SL500_.jpg" alt="Product Image"></a><p>Hanes Boys' Tank Undershirt, EcoSmart Cotton Shirt, Multiple Packs Available, White, Small</p><p>$9.00</p><a href="https://www.amazon.com/dp/B07T8C2FGP?tag=eloabder-20&linkCode=osi&th=1&psc=1">View Product</a></div><div class="product"><a href="https://www.amazon.com/dp/B07GLLY1B5?tag=eloabder-20&linkCode=osi&th=1&psc=1"><img src="https://m.media-amazon.com/images/I/21jImswBMOL._SL500_.jpg" alt="Product Image"></a><p>Fruit Of The Loom Boys Eversoft Cotton Undershirts, T Shirts & Tank Tops Underwear, Tank - Boys - 10 Pack - White, Small US</p><p>$18.99</p><a href="https://www.amazon.com/dp/B07GLLY1B5?tag=eloabder-20&linkCode=osi&th=1&psc=1">View Product</a></div>

















<div class="product"><a href="https://www.amazon.com/dp/B0CC6T1BXL?tag=eloabder-20&linkCode=osi&th=1&psc=1"><img src="https://m.media-amazon.com/images/I/51QfOhhRTAL._SL500_.jpg" alt="Product Image"></a><p>Hanes Boys' Big Performance Tween Boxer Brief Pack, X-Temp Mesh Underwear, Assorted, 6-Pack, Black/Blue/Green/Grey-6 Pack, X-Large</p><p>$16.13</p><a href="https://www.amazon.com/dp/B0CC6T1BXL?tag=eloabder-20&linkCode=osi&th=1&psc=1">View Product</a></div>
<div class="product"><a href="https://www.amazon.com/dp/B0CC6VPJ9T?tag=eloabder-20&linkCode=osi&th=1&psc=1"><img src="https://m.media-amazon.com/images/I/51QfOhhRTAL._SL500_.jpg" alt="Product Image"></a><p>Hanes Boys' Big Performance Tween Boxer Brief Pack, X-Temp Mesh Underwear, Assorted, Black/Blue/Green/Grey - 6 Pack, Small</p><p>$15.29</p><a href="https://www.amazon.com/dp/B0CC6VPJ9T?tag=eloabder-20&linkCode=osi&th=1&psc=1">View Product</a></div><div class="product"><a href="https://www.amazon.com/dp/B0BHX9MGTV?tag=eloabder-20&linkCode=osi&th=1&psc=1"><img src="https://m.media-amazon.com/images/I/41xmYCCb5TL._SL500_.jpg" alt="Product Image"></a><p>Hanes Men's Boys Boxer Briefs Pack, Cool Comfort Tagless Underwear, 7-Pack, Assorted, Large</p><p>$13.00</p><a href="https://www.amazon.com/dp/B0BHX9MGTV?tag=eloabder-20&linkCode=osi&th=1&psc=1">View Product</a></div><div class="product"><a href="https://www.amazon.com/dp/B071JVXMBW?tag=eloabder-20&linkCode=osi&th=1&psc=1"><img src="https://m.media-amazon.com/images/I/41dDO730qNL._SL500_.jpg" alt="Product Image"></a><p>Hanes Boys' and Toddler Underwear, Comfort Flex and ComfortSoft Boxer Briefs, Multiple Packs Available, Assorted-7 Pack, Large</p><p>$13.00</p><a href="https://www.amazon.com/dp/B071JVXMBW?tag=eloabder-20&linkCode=osi&th=1&psc=1">View Product</a></div>
<div class="product"><a href="https://www.amazon.com/dp/B0BHX978MW?tag=eloabder-20&linkCode=osi&th=1&psc=1"><img src="https://m.media-amazon.com/images/I/41DVOhGuwJL._SL500_.jpg" alt="Product Image"></a><p>Hanes Boys' and Toddler Underwear, Comfort Flex and ComfortSoft Boxer Briefs, Multiple Packs Available, Solids/Prints Assorted-pack of 10, Large</p><p>$18.49</p><a href="https://www.amazon.com/dp/B0BHX978MW?tag=eloabder-20&linkCode=osi&th=1&psc=1">View Product</a></div>








<div class="product"><a href="https://www.amazon.com/dp/B00VTVE4Z6?tag=eloabder-20&linkCode=osi&th=1&psc=1"><img src="https://m.media-amazon.com/images/I/21Gp9b3ASJL._SL500_.jpg" alt="Product Image"></a><p>Fruit Of The Loom Boys Eversoft Cotton Undershirts, T Shirts & Tank Tops Underwear, T Shirt - Boys - 5 Pack - White, X-Large US</p><p>$9.99</p><a href="https://www.amazon.com/dp/B00VTVE4Z6?tag=eloabder-20&linkCode=osi&th=1&psc=1">View Product</a></div>

<div class="product"><a href="https://www.amazon.com/dp/B07T8C2FGP?tag=eloabder-20&linkCode=osi&th=1&psc=1"><img src="https://m.media-amazon.com/images/I/11REPowhbuL._SL500_.jpg" alt="Product Image"></a><p>Hanes Boys' Tank Undershirt, EcoSmart Cotton Shirt, Multiple Packs Available, White, Small</p><p>$9.00</p><a href="https://www.amazon.com/dp/B07T8C2FGP?tag=eloabder-20&linkCode=osi&th=1&psc=1">View Product</a></div><div class="product"><a href="https://www.amazon.com/dp/B07GLLY1B5?tag=eloabder-20&linkCode=osi&th=1&psc=1"><img src="https://m.media-amazon.com/images/I/21jImswBMOL._SL500_.jpg" alt="Product Image"></a><p>Fruit Of The Loom Boys Eversoft Cotton Undershirts, T Shirts & Tank Tops Underwear, Tank - Boys - 10 Pack - White, Small US</p><p>$18.99</p><a href="https://www.amazon.com/dp/B07GLLY1B5?tag=eloabder-20&linkCode=osi&th=1&psc=1">View Product</a></div>

















<div class="product"><a href="https://www.amazon.com/dp/B0CC6T1BXL?tag=eloabder-20&linkCode=osi&th=1&psc=1"><img src="https://m.media-amazon.com/images/I/51QfOhhRTAL._SL500_.jpg" alt="Product Image"></a><p>Hanes Boys' Big Performance Tween Boxer Brief Pack, X-Temp Mesh Underwear, Assorted, 6-Pack, Black/Blue/Green/Grey-6 Pack, X-Large</p><p>$16.13</p><a href="https://www.amazon.com/dp/B0CC6T1BXL?tag=eloabder-20&linkCode=osi&th=1&psc=1">View Product</a></div>
<div class="product"><a href="https://www.amazon.com/dp/B0CC6VPJ9T?tag=eloabder-20&linkCode=osi&th=1&psc=1"><img src="https://m.media-amazon.com/images/I/51QfOhhRTAL._SL500_.jpg" alt="Product Image"></a><p>Hanes Boys' Big Performance Tween Boxer Brief Pack, X-Temp Mesh Underwear, Assorted, Black/Blue/Green/Grey - 6 Pack, Small</p><p>$15.29</p><a href="https://www.amazon.com/dp/B0CC6VPJ9T?tag=eloabder-20&linkCode=osi&th=1&psc=1">View Product</a></div><div class="product"><a href="https://www.amazon.com/dp/B0BHX9MGTV?tag=eloabder-20&linkCode=osi&th=1&psc=1"><img src="https://m.media-amazon.com/images/I/41xmYCCb5TL._SL500_.jpg" alt="Product Image"></a><p>Hanes Men's Boys Boxer Briefs Pack, Cool Comfort Tagless Underwear, 7-Pack, Assorted, Large</p><p>$13.00</p><a href="https://www.amazon.com/dp/B0BHX9MGTV?tag=eloabder-20&linkCode=osi&th=1&psc=1">View Product</a></div><div class="product"><a href="https://www.amazon.com/dp/B071JVXMBW?tag=eloabder-20&linkCode=osi&th=1&psc=1"><img src="https://m.media-amazon.com/images/I/41dDO730qNL._SL500_.jpg" alt="Product Image"></a><p>Hanes Boys' and Toddler Underwear, Comfort Flex and ComfortSoft Boxer Briefs, Multiple Packs Available, Assorted-7 Pack, Large</p><p>$13.00</p><a href="https://www.amazon.com/dp/B071JVXMBW?tag=eloabder-20&linkCode=osi&th=1&psc=1">View Product</a></div>
<div class="product"><a href="https://www.amazon.com/dp/B0BHX978MW?tag=eloabder-20&linkCode=osi&th=1&psc=1"><img src="https://m.media-amazon.com/images/I/41DVOhGuwJL._SL500_.jpg" alt="Product Image"></a><p>Hanes Boys' and Toddler Underwear, Comfort Flex and ComfortSoft Boxer Briefs, Multiple Packs Available, Solids/Prints Assorted-pack of 10, Large</p><p>$18.49</p><a href="https://www.amazon.com/dp/B0BHX978MW?tag=eloabder-20&linkCode=osi&th=1&psc=1">View Product</a></div>
<div class="product"><a href="https://www.amazon.com/dp/B0BHXBJPZ6?tag=eloabder-20&linkCode=osi&th=1&psc=1"><img src="https://m.media-amazon.com/images/I/41xmYCCb5TL._SL500_.jpg" alt="Product Image"></a><p>Hanes Men's Boys Boxer Briefs Pack, Cool Comfort Tagless Underwear, 7-Pack, Assorted, Small</p><p>$13.00</p><a href="https://www.amazon.com/dp/B0BHXBJPZ6?tag=eloabder-20&linkCode=osi&th=1&psc=1">View Product</a></div><div class="product"><a href="https://www.amazon.com/dp/B07T9FYQS8?tag=eloabder-20&linkCode=osi&th=1&psc=1"><img src="https://m.media-amazon.com/images/I/41hpu+H+4BS._SL500_.jpg" alt="Product Image"></a><p>Hanes Boys' X-Temp Boxer Briefs, Moisture Wicking Breathable Underwear, Tagless, Assorted 6 Pack, Medium</p><p>$14.45</p><a href="https://www.amazon.com/dp/B07T9FYQS8?tag=eloabder-20&linkCode=osi&th=1&psc=1">View Product</a></div>








<div class="product"><a href="https://www.amazon.com/dp/B00VTVE4Z6?tag=eloabder-20&linkCode=osi&th=1&psc=1"><img src="https://m.media-amazon.com/images/I/21Gp9b3ASJL._SL500_.jpg" alt="Product Image"></a><p>Fruit Of The Loom Boys Eversoft Cotton Undershirts, T Shirts & Tank Tops Underwear, T Shirt - Boys - 5 Pack - White, X-Large US</p><p>$9.99</p><a href="https://www.amazon.com/dp/B00VTVE4Z6?tag=eloabder-20&linkCode=osi&th=1&psc=1">View Product</a></div>

<div class="product"><a href="https://www.amazon.com/dp/B07T8C2FGP?tag=eloabder-20&linkCode=osi&th=1&psc=1"><img src="https://m.media-amazon.com/images/I/11REPowhbuL._SL500_.jpg" alt="Product Image"></a><p>Hanes Boys' Tank Undershirt, EcoSmart Cotton Shirt, Multiple Packs Available, White, Small</p><p>$9.00</p><a href="https://www.amazon.com/dp/B07T8C2FGP?tag=eloabder-20&linkCode=osi&th=1&psc=1">View Product</a></div><div class="product"><a href="https://www.amazon.com/dp/B07GLLY1B5?tag=eloabder-20&linkCode=osi&th=1&psc=1"><img src="https://m.media-amazon.com/images/I/21jImswBMOL._SL500_.jpg" alt="Product Image"></a><p>Fruit Of The Loom Boys Eversoft Cotton Undershirts, T Shirts & Tank Tops Underwear, Tank - Boys - 10 Pack - White, Small US</p><p>$18.99</p><a href="https://www.amazon.com/dp/B07GLLY1B5?tag=eloabder-20&linkCode=osi&th=1&psc=1">View Product</a></div>

















<div class="product"><a href="https://www.amazon.com/dp/B0CC6T1BXL?tag=eloabder-20&linkCode=osi&th=1&psc=1"><img src="https://m.media-amazon.com/images/I/51QfOhhRTAL._SL500_.jpg" alt="Product Image"></a><p>Hanes Boys' Big Performance Tween Boxer Brief Pack, X-Temp Mesh Underwear, Assorted, 6-Pack, Black/Blue/Green/Grey-6 Pack, X-Large</p><p>$16.13</p><a href="https://www.amazon.com/dp/B0CC6T1BXL?tag=eloabder-20&linkCode=osi&th=1&psc=1">View Product</a></div>
<div class="product"><a href="https://www.amazon.com/dp/B0CC6VPJ9T?tag=eloabder-20&linkCode=osi&th=1&psc=1"><img src="https://m.media-amazon.com/images/I/51QfOhhRTAL._SL500_.jpg" alt="Product Image"></a><p>Hanes Boys' Big Performance Tween Boxer Brief Pack, X-Temp Mesh Underwear, Assorted, Black/Blue/Green/Grey - 6 Pack, Small</p><p>$15.29</p><a href="https://www.amazon.com/dp/B0CC6VPJ9T?tag=eloabder-20&linkCode=osi&th=1&psc=1">View Product</a></div><div class="product"><a href="https://www.amazon.com/dp/B0BHX9MGTV?tag=eloabder-20&linkCode=osi&th=1&psc=1"><img src="https://m.media-amazon.com/images/I/41xmYCCb5TL._SL500_.jpg" alt="Product Image"></a><p>Hanes Men's Boys Boxer Briefs Pack, Cool Comfort Tagless Underwear, 7-Pack, Assorted, Large</p><p>$13.00</p><a href="https://www.amazon.com/dp/B0BHX9MGTV?tag=eloabder-20&linkCode=osi&th=1&psc=1">View Product</a></div><div class="product"><a href="https://www.amazon.com/dp/B071JVXMBW?tag=eloabder-20&linkCode=osi&th=1&psc=1"><img src="https://m.media-amazon.com/images/I/41dDO730qNL._SL500_.jpg" alt="Product Image"></a><p>Hanes Boys' and Toddler Underwear, Comfort Flex and ComfortSoft Boxer Briefs, Multiple Packs Available, Assorted-7 Pack, Large</p><p>$13.00</p><a href="https://www.amazon.com/dp/B071JVXMBW?tag=eloabder-20&linkCode=osi&th=1&psc=1">View Product</a></div>
<div class="product"><a href="https://www.amazon.com/dp/B0BHX978MW?tag=eloabder-20&linkCode=osi&th=1&psc=1"><img src="https://m.media-amazon.com/images/I/41DVOhGuwJL._SL500_.jpg" alt="Product Image"></a><p>Hanes Boys' and Toddler Underwear, Comfort Flex and ComfortSoft Boxer Briefs, Multiple Packs Available, Solids/Prints Assorted-pack of 10, Large</p><p>$18.49</p><a href="https://www.amazon.com/dp/B0BHX978MW?tag=eloabder-20&linkCode=osi&th=1&psc=1">View Product</a></div>
<div class="product"><a href="https://www.amazon.com/dp/B0BHXBJPZ6?tag=eloabder-20&linkCode=osi&th=1&psc=1"><img src="https://m.media-amazon.com/images/I/41xmYCCb5TL._SL500_.jpg" alt="Product Image"></a><p>Hanes Men's Boys Boxer Briefs Pack, Cool Comfort Tagless Underwear, 7-Pack, Assorted, Small</p><p>$13.00</p><a href="https://www.amazon.com/dp/B0BHXBJPZ6?tag=eloabder-20&linkCode=osi&th=1&psc=1">View Product</a></div><div class="product"><a href="https://www.amazon.com/dp/B07T9FYQS8?tag=eloabder-20&linkCode=osi&th=1&psc=1"><img src="https://m.media-amazon.com/images/I/41hpu+H+4BS._SL500_.jpg" alt="Product Image"></a><p>Hanes Boys' X-Temp Boxer Briefs, Moisture Wicking Breathable Underwear, Tagless, Assorted 6 Pack, Medium</p><p>$14.45</p><a href="https://www.amazon.com/dp/B07T9FYQS8?tag=eloabder-20&linkCode=osi&th=1&psc=1">View Product</a></div>
<div class="product"><a href="https://www.amazon.com/dp/B00S4GMSOI?tag=eloabder-20&linkCode=osi&th=1&psc=1"><img src="https://m.media-amazon.com/images/I/31iFPCkYcTL._SL500_.jpg" alt="Product Image"></a><p>Hanes Boys Socks, Double Tough Cushioned Crew 12-pair Packs Athletic-socks, White/Grey Bottom, Large US</p><p>$9.99</p><a href="https://www.amazon.com/dp/B00S4GMSOI?tag=eloabder-20&linkCode=osi&th=1&psc=1">View Product</a></div>








<div class="product"><a href="https://www.amazon.com/dp/B00VTVE4Z6?tag=eloabder-20&linkCode=osi&th=1&psc=1"><img src="https://m.media-amazon.com/images/I/21Gp9b3ASJL._SL500_.jpg" alt="Product Image"></a><p>Fruit Of The Loom Boys Eversoft Cotton Undershirts, T Shirts & Tank Tops Underwear, T Shirt - Boys - 5 Pack - White, X-Large US</p><p>$9.99</p><a href="https://www.amazon.com/dp/B00VTVE4Z6?tag=eloabder-20&linkCode=osi&th=1&psc=1">View Product</a></div>

<div class="product"><a href="https://www.amazon.com/dp/B07T8C2FGP?tag=eloabder-20&linkCode=osi&th=1&psc=1"><img src="https://m.media-amazon.com/images/I/11REPowhbuL._SL500_.jpg" alt="Product Image"></a><p>Hanes Boys' Tank Undershirt, EcoSmart Cotton Shirt, Multiple Packs Available, White, Small</p><p>$9.00</p><a href="https://www.amazon.com/dp/B07T8C2FGP?tag=eloabder-20&linkCode=osi&th=1&psc=1">View Product</a></div><div class="product"><a href="https://www.amazon.com/dp/B07GLLY1B5?tag=eloabder-20&linkCode=osi&th=1&psc=1"><img src="https://m.media-amazon.com/images/I/21jImswBMOL._SL500_.jpg" alt="Product Image"></a><p>Fruit Of The Loom Boys Eversoft Cotton Undershirts, T Shirts & Tank Tops Underwear, Tank - Boys - 10 Pack - White, Small US</p><p>$18.99</p><a href="https://www.amazon.com/dp/B07GLLY1B5?tag=eloabder-20&linkCode=osi&th=1&psc=1">View Product</a></div>

















<div class="product"><a href="https://www.amazon.com/dp/B0CC6T1BXL?tag=eloabder-20&linkCode=osi&th=1&psc=1"><img src="https://m.media-amazon.com/images/I/51QfOhhRTAL._SL500_.jpg" alt="Product Image"></a><p>Hanes Boys' Big Performance Tween Boxer Brief Pack, X-Temp Mesh Underwear, Assorted, 6-Pack, Black/Blue/Green/Grey-6 Pack, X-Large</p><p>$16.13</p><a href="https://www.amazon.com/dp/B0CC6T1BXL?tag=eloabder-20&linkCode=osi&th=1&psc=1">View Product</a></div>
<div class="product"><a href="https://www.amazon.com/dp/B0CC6VPJ9T?tag=eloabder-20&linkCode=osi&th=1&psc=1"><img src="https://m.media-amazon.com/images/I/51QfOhhRTAL._SL500_.jpg" alt="Product Image"></a><p>Hanes Boys' Big Performance Tween Boxer Brief Pack, X-Temp Mesh Underwear, Assorted, Black/Blue/Green/Grey - 6 Pack, Small</p><p>$15.29</p><a href="https://www.amazon.com/dp/B0CC6VPJ9T?tag=eloabder-20&linkCode=osi&th=1&psc=1">View Product</a></div><div class="product"><a href="https://www.amazon.com/dp/B0BHX9MGTV?tag=eloabder-20&linkCode=osi&th=1&psc=1"><img src="https://m.media-amazon.com/images/I/41xmYCCb5TL._SL500_.jpg" alt="Product Image"></a><p>Hanes Men's Boys Boxer Briefs Pack, Cool Comfort Tagless Underwear, 7-Pack, Assorted, Large</p><p>$13.00</p><a href="https://www.amazon.com/dp/B0BHX9MGTV?tag=eloabder-20&linkCode=osi&th=1&psc=1">View Product</a></div><div class="product"><a href="https://www.amazon.com/dp/B071JVXMBW?tag=eloabder-20&linkCode=osi&th=1&psc=1"><img src="https://m.media-amazon.com/images/I/41dDO730qNL._SL500_.jpg" alt="Product Image"></a><p>Hanes Boys' and Toddler Underwear, Comfort Flex and ComfortSoft Boxer Briefs, Multiple Packs Available, Assorted-7 Pack, Large</p><p>$13.00</p><a href="https://www.amazon.com/dp/B071JVXMBW?tag=eloabder-20&linkCode=osi&th=1&psc=1">View Product</a></div>
<div class="product"><a href="https://www.amazon.com/dp/B0BHX978MW?tag=eloabder-20&linkCode=osi&th=1&psc=1"><img src="https://m.media-amazon.com/images/I/41DVOhGuwJL._SL500_.jpg" alt="Product Image"></a><p>Hanes Boys' and Toddler Underwear, Comfort Flex and ComfortSoft Boxer Briefs, Multiple Packs Available, Solids/Prints Assorted-pack of 10, Large</p><p>$18.49</p><a href="https://www.amazon.com/dp/B0BHX978MW?tag=eloabder-20&linkCode=osi&th=1&psc=1">View Product</a></div>
<div class="product"><a href="https://www.amazon.com/dp/B0BHXBJPZ6?tag=eloabder-20&linkCode=osi&th=1&psc=1"><img src="https://m.media-amazon.com/images/I/41xmYCCb5TL._SL500_.jpg" alt="Product Image"></a><p>Hanes Men's Boys Boxer Briefs Pack, Cool Comfort Tagless Underwear, 7-Pack, Assorted, Small</p><p>$13.00</p><a href="https://www.amazon.com/dp/B0BHXBJPZ6?tag=eloabder-20&linkCode=osi&th=1&psc=1">View Product</a></div><div class="product"><a href="https://www.amazon.com/dp/B07T9FYQS8?tag=eloabder-20&linkCode=osi&th=1&psc=1"><img src="https://m.media-amazon.com/images/I/41hpu+H+4BS._SL500_.jpg" alt="Product Image"></a><p>Hanes Boys' X-Temp Boxer Briefs, Moisture Wicking Breathable Underwear, Tagless, Assorted 6 Pack, Medium</p><p>$14.45</p><a href="https://www.amazon.com/dp/B07T9FYQS8?tag=eloabder-20&linkCode=osi&th=1&psc=1">View Product</a></div>
<div class="product"><a href="https://www.amazon.com/dp/B00S4GMSOI?tag=eloabder-20&linkCode=osi&th=1&psc=1"><img src="https://m.media-amazon.com/images/I/31iFPCkYcTL._SL500_.jpg" alt="Product Image"></a><p>Hanes Boys Socks, Double Tough Cushioned Crew 12-pair Packs Athletic-socks, White/Grey Bottom, Large US</p><p>$9.99</p><a href="https://www.amazon.com/dp/B00S4GMSOI?tag=eloabder-20&linkCode=osi&th=1&psc=1">View Product</a></div>









<div class="product"><a href="https://www.amazon.com/dp/B00VTVE4Z6?tag=eloabder-20&linkCode=osi&th=1&psc=1"><img src="https://m.media-amazon.com/images/I/21Gp9b3ASJL._SL500_.jpg" alt="Product Image"></a><p>Fruit Of The Loom Boys Eversoft Cotton Undershirts, T Shirts & Tank Tops Underwear, T Shirt - Boys - 5 Pack - White, X-Large US</p><p>$9.99</p><a href="https://www.amazon.com/dp/B00VTVE4Z6?tag=eloabder-20&linkCode=osi&th=1&psc=1">View Product</a></div>

<div class="product"><a href="https://www.amazon.com/dp/B07T8C2FGP?tag=eloabder-20&linkCode=osi&th=1&psc=1"><img src="https://m.media-amazon.com/images/I/11REPowhbuL._SL500_.jpg" alt="Product Image"></a><p>Hanes Boys' Tank Undershirt, EcoSmart Cotton Shirt, Multiple Packs Available, White, Small</p><p>$9.00</p><a href="https://www.amazon.com/dp/B07T8C2FGP?tag=eloabder-20&linkCode=osi&th=1&psc=1">View Product</a></div><div class="product"><a href="https://www.amazon.com/dp/B07GLLY1B5?tag=eloabder-20&linkCode=osi&th=1&psc=1"><img src="https://m.media-amazon.com/images/I/21jImswBMOL._SL500_.jpg" alt="Product Image"></a><p>Fruit Of The Loom Boys Eversoft Cotton Undershirts, T Shirts & Tank Tops Underwear, Tank - Boys - 10 Pack - White, Small US</p><p>$18.99</p><a href="https://www.amazon.com/dp/B07GLLY1B5?tag=eloabder-20&linkCode=osi&th=1&psc=1">View Product</a></div>

















<div class="product"><a href="https://www.amazon.com/dp/B0CC6T1BXL?tag=eloabder-20&linkCode=osi&th=1&psc=1"><img src="https://m.media-amazon.com/images/I/51QfOhhRTAL._SL500_.jpg" alt="Product Image"></a><p>Hanes Boys' Big Performance Tween Boxer Brief Pack, X-Temp Mesh Underwear, Assorted, 6-Pack, Black/Blue/Green/Grey-6 Pack, X-Large</p><p>$16.13</p><a href="https://www.amazon.com/dp/B0CC6T1BXL?tag=eloabder-20&linkCode=osi&th=1&psc=1">View Product</a></div>
<div class="product"><a href="https://www.amazon.com/dp/B0CC6VPJ9T?tag=eloabder-20&linkCode=osi&th=1&psc=1"><img src="https://m.media-amazon.com/images/I/51QfOhhRTAL._SL500_.jpg" alt="Product Image"></a><p>Hanes Boys' Big Performance Tween Boxer Brief Pack, X-Temp Mesh Underwear, Assorted, Black/Blue/Green/Grey - 6 Pack, Small</p><p>$15.29</p><a href="https://www.amazon.com/dp/B0CC6VPJ9T?tag=eloabder-20&linkCode=osi&th=1&psc=1">View Product</a></div><div class="product"><a href="https://www.amazon.com/dp/B0BHX9MGTV?tag=eloabder-20&linkCode=osi&th=1&psc=1"><img src="https://m.media-amazon.com/images/I/41xmYCCb5TL._SL500_.jpg" alt="Product Image"></a><p>Hanes Men's Boys Boxer Briefs Pack, Cool Comfort Tagless Underwear, 7-Pack, Assorted, Large</p><p>$13.00</p><a href="https://www.amazon.com/dp/B0BHX9MGTV?tag=eloabder-20&linkCode=osi&th=1&psc=1">View Product</a></div><div class="product"><a href="https://www.amazon.com/dp/B071JVXMBW?tag=eloabder-20&linkCode=osi&th=1&psc=1"><img src="https://m.media-amazon.com/images/I/41dDO730qNL._SL500_.jpg" alt="Product Image"></a><p>Hanes Boys' and Toddler Underwear, Comfort Flex and ComfortSoft Boxer Briefs, Multiple Packs Available, Assorted-7 Pack, Large</p><p>$13.00</p><a href="https://www.amazon.com/dp/B071JVXMBW?tag=eloabder-20&linkCode=osi&th=1&psc=1">View Product</a></div>
<div class="product"><a href="https://www.amazon.com/dp/B0BHX978MW?tag=eloabder-20&linkCode=osi&th=1&psc=1"><img src="https://m.media-amazon.com/images/I/41DVOhGuwJL._SL500_.jpg" alt="Product Image"></a><p>Hanes Boys' and Toddler Underwear, Comfort Flex and ComfortSoft Boxer Briefs, Multiple Packs Available, Solids/Prints Assorted-pack of 10, Large</p><p>$18.49</p><a href="https://www.amazon.com/dp/B0BHX978MW?tag=eloabder-20&linkCode=osi&th=1&psc=1">View Product</a></div>
<div class="product"><a href="https://www.amazon.com/dp/B0BHXBJPZ6?tag=eloabder-20&linkCode=osi&th=1&psc=1"><img src="https://m.media-amazon.com/images/I/41xmYCCb5TL._SL500_.jpg" alt="Product Image"></a><p>Hanes Men's Boys Boxer Briefs Pack, Cool Comfort Tagless Underwear, 7-Pack, Assorted, Small</p><p>$13.00</p><a href="https://www.amazon.com/dp/B0BHXBJPZ6?tag=eloabder-20&linkCode=osi&th=1&psc=1">View Product</a></div><div class="product"><a href="https://www.amazon.com/dp/B07T9FYQS8?tag=eloabder-20&linkCode=osi&th=1&psc=1"><img src="https://m.media-amazon.com/images/I/41hpu+H+4BS._SL500_.jpg" alt="Product Image"></a><p>Hanes Boys' X-Temp Boxer Briefs, Moisture Wicking Breathable Underwear, Tagless, Assorted 6 Pack, Medium</p><p>$14.45</p><a href="https://www.amazon.com/dp/B07T9FYQS8?tag=eloabder-20&linkCode=osi&th=1&psc=1">View Product</a></div>
<div class="product"><a href="https://www.amazon.com/dp/B00S4GMSOI?tag=eloabder-20&linkCode=osi&th=1&psc=1"><img src="https://m.media-amazon.com/images/I/31iFPCkYcTL._SL500_.jpg" alt="Product Image"></a><p>Hanes Boys Socks, Double Tough Cushioned Crew 12-pair Packs Athletic-socks, White/Grey Bottom, Large US</p><p>$9.99</p><a href="https://www.amazon.com/dp/B00S4GMSOI?tag=eloabder-20&linkCode=osi&th=1&psc=1">View Product</a></div>










<div class="product"><a href="https://www.amazon.com/dp/B00VTVE4Z6?tag=eloabder-20&linkCode=osi&th=1&psc=1"><img src="https://m.media-amazon.com/images/I/21Gp9b3ASJL._SL500_.jpg" alt="Product Image"></a><p>Fruit Of The Loom Boys Eversoft Cotton Undershirts, T Shirts & Tank Tops Underwear, T Shirt - Boys - 5 Pack - White, X-Large US</p><p>$9.99</p><a href="https://www.amazon.com/dp/B00VTVE4Z6?tag=eloabder-20&linkCode=osi&th=1&psc=1">View Product</a></div>

<div class="product"><a href="https://www.amazon.com/dp/B07T8C2FGP?tag=eloabder-20&linkCode=osi&th=1&psc=1"><img src="https://m.media-amazon.com/images/I/11REPowhbuL._SL500_.jpg" alt="Product Image"></a><p>Hanes Boys' Tank Undershirt, EcoSmart Cotton Shirt, Multiple Packs Available, White, Small</p><p>$9.00</p><a href="https://www.amazon.com/dp/B07T8C2FGP?tag=eloabder-20&linkCode=osi&th=1&psc=1">View Product</a></div><div class="product"><a href="https://www.amazon.com/dp/B07GLLY1B5?tag=eloabder-20&linkCode=osi&th=1&psc=1"><img src="https://m.media-amazon.com/images/I/21jImswBMOL._SL500_.jpg" alt="Product Image"></a><p>Fruit Of The Loom Boys Eversoft Cotton Undershirts, T Shirts & Tank Tops Underwear, Tank - Boys - 10 Pack - White, Small US</p><p>$18.99</p><a href="https://www.amazon.com/dp/B07GLLY1B5?tag=eloabder-20&linkCode=osi&th=1&psc=1">View Product</a></div>

















<div class="product"><a href="https://www.amazon.com/dp/B0CC6T1BXL?tag=eloabder-20&linkCode=osi&th=1&psc=1"><img src="https://m.media-amazon.com/images/I/51QfOhhRTAL._SL500_.jpg" alt="Product Image"></a><p>Hanes Boys' Big Performance Tween Boxer Brief Pack, X-Temp Mesh Underwear, Assorted, 6-Pack, Black/Blue/Green/Grey-6 Pack, X-Large</p><p>$16.13</p><a href="https://www.amazon.com/dp/B0CC6T1BXL?tag=eloabder-20&linkCode=osi&th=1&psc=1">View Product</a></div>
<div class="product"><a href="https://www.amazon.com/dp/B0CC6VPJ9T?tag=eloabder-20&linkCode=osi&th=1&psc=1"><img src="https://m.media-amazon.com/images/I/51QfOhhRTAL._SL500_.jpg" alt="Product Image"></a><p>Hanes Boys' Big Performance Tween Boxer Brief Pack, X-Temp Mesh Underwear, Assorted, Black/Blue/Green/Grey - 6 Pack, Small</p><p>$15.29</p><a href="https://www.amazon.com/dp/B0CC6VPJ9T?tag=eloabder-20&linkCode=osi&th=1&psc=1">View Product</a></div><div class="product"><a href="https://www.amazon.com/dp/B0BHX9MGTV?tag=eloabder-20&linkCode=osi&th=1&psc=1"><img src="https://m.media-amazon.com/images/I/41xmYCCb5TL._SL500_.jpg" alt="Product Image"></a><p>Hanes Men's Boys Boxer Briefs Pack, Cool Comfort Tagless Underwear, 7-Pack, Assorted, Large</p><p>$13.00</p><a href="https://www.amazon.com/dp/B0BHX9MGTV?tag=eloabder-20&linkCode=osi&th=1&psc=1">View Product</a></div><div class="product"><a href="https://www.amazon.com/dp/B071JVXMBW?tag=eloabder-20&linkCode=osi&th=1&psc=1"><img src="https://m.media-amazon.com/images/I/41dDO730qNL._SL500_.jpg" alt="Product Image"></a><p>Hanes Boys' and Toddler Underwear, Comfort Flex and ComfortSoft Boxer Briefs, Multiple Packs Available, Assorted-7 Pack, Large</p><p>$13.00</p><a href="https://www.amazon.com/dp/B071JVXMBW?tag=eloabder-20&linkCode=osi&th=1&psc=1">View Product</a></div>
<div class="product"><a href="https://www.amazon.com/dp/B0BHX978MW?tag=eloabder-20&linkCode=osi&th=1&psc=1"><img src="https://m.media-amazon.com/images/I/41DVOhGuwJL._SL500_.jpg" alt="Product Image"></a><p>Hanes Boys' and Toddler Underwear, Comfort Flex and ComfortSoft Boxer Briefs, Multiple Packs Available, Solids/Prints Assorted-pack of 10, Large</p><p>$18.49</p><a href="https://www.amazon.com/dp/B0BHX978MW?tag=eloabder-20&linkCode=osi&th=1&psc=1">View Product</a></div>
<div class="product"><a href="https://www.amazon.com/dp/B0BHXBJPZ6?tag=eloabder-20&linkCode=osi&th=1&psc=1"><img src="https://m.media-amazon.com/images/I/41xmYCCb5TL._SL500_.jpg" alt="Product Image"></a><p>Hanes Men's Boys Boxer Briefs Pack, Cool Comfort Tagless Underwear, 7-Pack, Assorted, Small</p><p>$13.00</p><a href="https://www.amazon.com/dp/B0BHXBJPZ6?tag=eloabder-20&linkCode=osi&th=1&psc=1">View Product</a></div><div class="product"><a href="https://www.amazon.com/dp/B07T9FYQS8?tag=eloabder-20&linkCode=osi&th=1&psc=1"><img src="https://m.media-amazon.com/images/I/41hpu+H+4BS._SL500_.jpg" alt="Product Image"></a><p>Hanes Boys' X-Temp Boxer Briefs, Moisture Wicking Breathable Underwear, Tagless, Assorted 6 Pack, Medium</p><p>$14.45</p><a href="https://www.amazon.com/dp/B07T9FYQS8?tag=eloabder-20&linkCode=osi&th=1&psc=1">View Product</a></div>
<div class="product"><a href="https://www.amazon.com/dp/B00S4GMSOI?tag=eloabder-20&linkCode=osi&th=1&psc=1"><img src="https://m.media-amazon.com/images/I/31iFPCkYcTL._SL500_.jpg" alt="Product Image"></a><p>Hanes Boys Socks, Double Tough Cushioned Crew 12-pair Packs Athletic-socks, White/Grey Bottom, Large US</p><p>$9.99</p><a href="https://www.amazon.com/dp/B00S4GMSOI?tag=eloabder-20&linkCode=osi&th=1&psc=1">View Product</a></div>











<div class="product"><a href="https://www.amazon.com/dp/B00VTVE4Z6?tag=eloabder-20&linkCode=osi&th=1&psc=1"><img src="https://m.media-amazon.com/images/I/21Gp9b3ASJL._SL500_.jpg" alt="Product Image"></a><p>Fruit Of The Loom Boys Eversoft Cotton Undershirts, T Shirts & Tank Tops Underwear, T Shirt - Boys - 5 Pack - White, X-Large US</p><p>$9.99</p><a href="https://www.amazon.com/dp/B00VTVE4Z6?tag=eloabder-20&linkCode=osi&th=1&psc=1">View Product</a></div>

<div class="product"><a href="https://www.amazon.com/dp/B07T8C2FGP?tag=eloabder-20&linkCode=osi&th=1&psc=1"><img src="https://m.media-amazon.com/images/I/11REPowhbuL._SL500_.jpg" alt="Product Image"></a><p>Hanes Boys' Tank Undershirt, EcoSmart Cotton Shirt, Multiple Packs Available, White, Small</p><p>$9.00</p><a href="https://www.amazon.com/dp/B07T8C2FGP?tag=eloabder-20&linkCode=osi&th=1&psc=1">View Product</a></div><div class="product"><a href="https://www.amazon.com/dp/B07GLLY1B5?tag=eloabder-20&linkCode=osi&th=1&psc=1"><img src="https://m.media-amazon.com/images/I/21jImswBMOL._SL500_.jpg" alt="Product Image"></a><p>Fruit Of The Loom Boys Eversoft Cotton Undershirts, T Shirts & Tank Tops Underwear, Tank - Boys - 10 Pack - White, Small US</p><p>$18.99</p><a href="https://www.amazon.com/dp/B07GLLY1B5?tag=eloabder-20&linkCode=osi&th=1&psc=1">View Product</a></div>

















<div class="product"><a href="https://www.amazon.com/dp/B0CC6T1BXL?tag=eloabder-20&linkCode=osi&th=1&psc=1"><img src="https://m.media-amazon.com/images/I/51QfOhhRTAL._SL500_.jpg" alt="Product Image"></a><p>Hanes Boys' Big Performance Tween Boxer Brief Pack, X-Temp Mesh Underwear, Assorted, 6-Pack, Black/Blue/Green/Grey-6 Pack, X-Large</p><p>$16.13</p><a href="https://www.amazon.com/dp/B0CC6T1BXL?tag=eloabder-20&linkCode=osi&th=1&psc=1">View Product</a></div>
<div class="product"><a href="https://www.amazon.com/dp/B0CC6VPJ9T?tag=eloabder-20&linkCode=osi&th=1&psc=1"><img src="https://m.media-amazon.com/images/I/51QfOhhRTAL._SL500_.jpg" alt="Product Image"></a><p>Hanes Boys' Big Performance Tween Boxer Brief Pack, X-Temp Mesh Underwear, Assorted, Black/Blue/Green/Grey - 6 Pack, Small</p><p>$15.29</p><a href="https://www.amazon.com/dp/B0CC6VPJ9T?tag=eloabder-20&linkCode=osi&th=1&psc=1">View Product</a></div><div class="product"><a href="https://www.amazon.com/dp/B0BHX9MGTV?tag=eloabder-20&linkCode=osi&th=1&psc=1"><img src="https://m.media-amazon.com/images/I/41xmYCCb5TL._SL500_.jpg" alt="Product Image"></a><p>Hanes Men's Boys Boxer Briefs Pack, Cool Comfort Tagless Underwear, 7-Pack, Assorted, Large</p><p>$13.00</p><a href="https://www.amazon.com/dp/B0BHX9MGTV?tag=eloabder-20&linkCode=osi&th=1&psc=1">View Product</a></div><div class="product"><a href="https://www.amazon.com/dp/B071JVXMBW?tag=eloabder-20&linkCode=osi&th=1&psc=1"><img src="https://m.media-amazon.com/images/I/41dDO730qNL._SL500_.jpg" alt="Product Image"></a><p>Hanes Boys' and Toddler Underwear, Comfort Flex and ComfortSoft Boxer Briefs, Multiple Packs Available, Assorted-7 Pack, Large</p><p>$13.00</p><a href="https://www.amazon.com/dp/B071JVXMBW?tag=eloabder-20&linkCode=osi&th=1&psc=1">View Product</a></div>
<div class="product"><a href="https://www.amazon.com/dp/B0BHX978MW?tag=eloabder-20&linkCode=osi&th=1&psc=1"><img src="https://m.media-amazon.com/images/I/41DVOhGuwJL._SL500_.jpg" alt="Product Image"></a><p>Hanes Boys' and Toddler Underwear, Comfort Flex and ComfortSoft Boxer Briefs, Multiple Packs Available, Solids/Prints Assorted-pack of 10, Large</p><p>$18.49</p><a href="https://www.amazon.com/dp/B0BHX978MW?tag=eloabder-20&linkCode=osi&th=1&psc=1">View Product</a></div>
<div class="product"><a href="https://www.amazon.com/dp/B0BHXBJPZ6?tag=eloabder-20&linkCode=osi&th=1&psc=1"><img src="https://m.media-amazon.com/images/I/41xmYCCb5TL._SL500_.jpg" alt="Product Image"></a><p>Hanes Men's Boys Boxer Briefs Pack, Cool Comfort Tagless Underwear, 7-Pack, Assorted, Small</p><p>$13.00</p><a href="https://www.amazon.com/dp/B0BHXBJPZ6?tag=eloabder-20&linkCode=osi&th=1&psc=1">View Product</a></div><div class="product"><a href="https://www.amazon.com/dp/B07T9FYQS8?tag=eloabder-20&linkCode=osi&th=1&psc=1"><img src="https://m.media-amazon.com/images/I/41hpu+H+4BS._SL500_.jpg" alt="Product Image"></a><p>Hanes Boys' X-Temp Boxer Briefs, Moisture Wicking Breathable Underwear, Tagless, Assorted 6 Pack, Medium</p><p>$14.45</p><a href="https://www.amazon.com/dp/B07T9FYQS8?tag=eloabder-20&linkCode=osi&th=1&psc=1">View Product</a></div>
<div class="product"><a href="https://www.amazon.com/dp/B00S4GMSOI?tag=eloabder-20&linkCode=osi&th=1&psc=1"><img src="https://m.media-amazon.com/images/I/31iFPCkYcTL._SL500_.jpg" alt="Product Image"></a><p>Hanes Boys Socks, Double Tough Cushioned Crew 12-pair Packs Athletic-socks, White/Grey Bottom, Large US</p><p>$9.99</p><a href="https://www.amazon.com/dp/B00S4GMSOI?tag=eloabder-20&linkCode=osi&th=1&psc=1">View Product</a></div>












<div class="product"><a href="https://www.amazon.com/dp/B00VTVE4Z6?tag=eloabder-20&linkCode=osi&th=1&psc=1"><img src="https://m.media-amazon.com/images/I/21Gp9b3ASJL._SL500_.jpg" alt="Product Image"></a><p>Fruit Of The Loom Boys Eversoft Cotton Undershirts, T Shirts & Tank Tops Underwear, T Shirt - Boys - 5 Pack - White, X-Large US</p><p>$9.99</p><a href="https://www.amazon.com/dp/B00VTVE4Z6?tag=eloabder-20&linkCode=osi&th=1&psc=1">View Product</a></div>

<div class="product"><a href="https://www.amazon.com/dp/B07T8C2FGP?tag=eloabder-20&linkCode=osi&th=1&psc=1"><img src="https://m.media-amazon.com/images/I/11REPowhbuL._SL500_.jpg" alt="Product Image"></a><p>Hanes Boys' Tank Undershirt, EcoSmart Cotton Shirt, Multiple Packs Available, White, Small</p><p>$9.00</p><a href="https://www.amazon.com/dp/B07T8C2FGP?tag=eloabder-20&linkCode=osi&th=1&psc=1">View Product</a></div><div class="product"><a href="https://www.amazon.com/dp/B07GLLY1B5?tag=eloabder-20&linkCode=osi&th=1&psc=1"><img src="https://m.media-amazon.com/images/I/21jImswBMOL._SL500_.jpg" alt="Product Image"></a><p>Fruit Of The Loom Boys Eversoft Cotton Undershirts, T Shirts & Tank Tops Underwear, Tank - Boys - 10 Pack - White, Small US</p><p>$18.99</p><a href="https://www.amazon.com/dp/B07GLLY1B5?tag=eloabder-20&linkCode=osi&th=1&psc=1">View Product</a></div>

















<div class="product"><a href="https://www.amazon.com/dp/B0CC6T1BXL?tag=eloabder-20&linkCode=osi&th=1&psc=1"><img src="https://m.media-amazon.com/images/I/51QfOhhRTAL._SL500_.jpg" alt="Product Image"></a><p>Hanes Boys' Big Performance Tween Boxer Brief Pack, X-Temp Mesh Underwear, Assorted, 6-Pack, Black/Blue/Green/Grey-6 Pack, X-Large</p><p>$16.13</p><a href="https://www.amazon.com/dp/B0CC6T1BXL?tag=eloabder-20&linkCode=osi&th=1&psc=1">View Product</a></div>
<div class="product"><a href="https://www.amazon.com/dp/B0CC6VPJ9T?tag=eloabder-20&linkCode=osi&th=1&psc=1"><img src="https://m.media-amazon.com/images/I/51QfOhhRTAL._SL500_.jpg" alt="Product Image"></a><p>Hanes Boys' Big Performance Tween Boxer Brief Pack, X-Temp Mesh Underwear, Assorted, Black/Blue/Green/Grey - 6 Pack, Small</p><p>$15.29</p><a href="https://www.amazon.com/dp/B0CC6VPJ9T?tag=eloabder-20&linkCode=osi&th=1&psc=1">View Product</a></div><div class="product"><a href="https://www.amazon.com/dp/B0BHX9MGTV?tag=eloabder-20&linkCode=osi&th=1&psc=1"><img src="https://m.media-amazon.com/images/I/41xmYCCb5TL._SL500_.jpg" alt="Product Image"></a><p>Hanes Men's Boys Boxer Briefs Pack, Cool Comfort Tagless Underwear, 7-Pack, Assorted, Large</p><p>$13.00</p><a href="https://www.amazon.com/dp/B0BHX9MGTV?tag=eloabder-20&linkCode=osi&th=1&psc=1">View Product</a></div><div class="product"><a href="https://www.amazon.com/dp/B071JVXMBW?tag=eloabder-20&linkCode=osi&th=1&psc=1"><img src="https://m.media-amazon.com/images/I/41dDO730qNL._SL500_.jpg" alt="Product Image"></a><p>Hanes Boys' and Toddler Underwear, Comfort Flex and ComfortSoft Boxer Briefs, Multiple Packs Available, Assorted-7 Pack, Large</p><p>$13.00</p><a href="https://www.amazon.com/dp/B071JVXMBW?tag=eloabder-20&linkCode=osi&th=1&psc=1">View Product</a></div>
<div class="product"><a href="https://www.amazon.com/dp/B0BHX978MW?tag=eloabder-20&linkCode=osi&th=1&psc=1"><img src="https://m.media-amazon.com/images/I/41DVOhGuwJL._SL500_.jpg" alt="Product Image"></a><p>Hanes Boys' and Toddler Underwear, Comfort Flex and ComfortSoft Boxer Briefs, Multiple Packs Available, Solids/Prints Assorted-pack of 10, Large</p><p>$18.49</p><a href="https://www.amazon.com/dp/B0BHX978MW?tag=eloabder-20&linkCode=osi&th=1&psc=1">View Product</a></div>
<div class="product"><a href="https://www.amazon.com/dp/B0BHXBJPZ6?tag=eloabder-20&linkCode=osi&th=1&psc=1"><img src="https://m.media-amazon.com/images/I/41xmYCCb5TL._SL500_.jpg" alt="Product Image"></a><p>Hanes Men's Boys Boxer Briefs Pack, Cool Comfort Tagless Underwear, 7-Pack, Assorted, Small</p><p>$13.00</p><a href="https://www.amazon.com/dp/B0BHXBJPZ6?tag=eloabder-20&linkCode=osi&th=1&psc=1">View Product</a></div><div class="product"><a href="https://www.amazon.com/dp/B07T9FYQS8?tag=eloabder-20&linkCode=osi&th=1&psc=1"><img src="https://m.media-amazon.com/images/I/41hpu+H+4BS._SL500_.jpg" alt="Product Image"></a><p>Hanes Boys' X-Temp Boxer Briefs, Moisture Wicking Breathable Underwear, Tagless, Assorted 6 Pack, Medium</p><p>$14.45</p><a href="https://www.amazon.com/dp/B07T9FYQS8?tag=eloabder-20&linkCode=osi&th=1&psc=1">View Product</a></div>
<div class="product"><a href="https://www.amazon.com/dp/B00S4GMSOI?tag=eloabder-20&linkCode=osi&th=1&psc=1"><img src="https://m.media-amazon.com/images/I/31iFPCkYcTL._SL500_.jpg" alt="Product Image"></a><p>Hanes Boys Socks, Double Tough Cushioned Crew 12-pair Packs Athletic-socks, White/Grey Bottom, Large US</p><p>$9.99</p><a href="https://www.amazon.com/dp/B00S4GMSOI?tag=eloabder-20&linkCode=osi&th=1&psc=1">View Product</a></div>













<div class="product"><a href="https://www.amazon.com/dp/B00VTVE4Z6?tag=eloabder-20&linkCode=osi&th=1&psc=1"><img src="https://m.media-amazon.com/images/I/21Gp9b3ASJL._SL500_.jpg" alt="Product Image"></a><p>Fruit Of The Loom Boys Eversoft Cotton Undershirts, T Shirts & Tank Tops Underwear, T Shirt - Boys - 5 Pack - White, X-Large US</p><p>$9.99</p><a href="https://www.amazon.com/dp/B00VTVE4Z6?tag=eloabder-20&linkCode=osi&th=1&psc=1">View Product</a></div>

<div class="product"><a href="https://www.amazon.com/dp/B07T8C2FGP?tag=eloabder-20&linkCode=osi&th=1&psc=1"><img src="https://m.media-amazon.com/images/I/11REPowhbuL._SL500_.jpg" alt="Product Image"></a><p>Hanes Boys' Tank Undershirt, EcoSmart Cotton Shirt, Multiple Packs Available, White, Small</p><p>$9.00</p><a href="https://www.amazon.com/dp/B07T8C2FGP?tag=eloabder-20&linkCode=osi&th=1&psc=1">View Product</a></div><div class="product"><a href="https://www.amazon.com/dp/B07GLLY1B5?tag=eloabder-20&linkCode=osi&th=1&psc=1"><img src="https://m.media-amazon.com/images/I/21jImswBMOL._SL500_.jpg" alt="Product Image"></a><p>Fruit Of The Loom Boys Eversoft Cotton Undershirts, T Shirts & Tank Tops Underwear, Tank - Boys - 10 Pack - White, Small US</p><p>$18.99</p><a href="https://www.amazon.com/dp/B07GLLY1B5?tag=eloabder-20&linkCode=osi&th=1&psc=1">View Product</a></div>

















<div class="product"><a href="https://www.amazon.com/dp/B0CC6T1BXL?tag=eloabder-20&linkCode=osi&th=1&psc=1"><img src="https://m.media-amazon.com/images/I/51QfOhhRTAL._SL500_.jpg" alt="Product Image"></a><p>Hanes Boys' Big Performance Tween Boxer Brief Pack, X-Temp Mesh Underwear, Assorted, 6-Pack, Black/Blue/Green/Grey-6 Pack, X-Large</p><p>$16.13</p><a href="https://www.amazon.com/dp/B0CC6T1BXL?tag=eloabder-20&linkCode=osi&th=1&psc=1">View Product</a></div>
<div class="product"><a href="https://www.amazon.com/dp/B0CC6VPJ9T?tag=eloabder-20&linkCode=osi&th=1&psc=1"><img src="https://m.media-amazon.com/images/I/51QfOhhRTAL._SL500_.jpg" alt="Product Image"></a><p>Hanes Boys' Big Performance Tween Boxer Brief Pack, X-Temp Mesh Underwear, Assorted, Black/Blue/Green/Grey - 6 Pack, Small</p><p>$15.29</p><a href="https://www.amazon.com/dp/B0CC6VPJ9T?tag=eloabder-20&linkCode=osi&th=1&psc=1">View Product</a></div><div class="product"><a href="https://www.amazon.com/dp/B0BHX9MGTV?tag=eloabder-20&linkCode=osi&th=1&psc=1"><img src="https://m.media-amazon.com/images/I/41xmYCCb5TL._SL500_.jpg" alt="Product Image"></a><p>Hanes Men's Boys Boxer Briefs Pack, Cool Comfort Tagless Underwear, 7-Pack, Assorted, Large</p><p>$13.00</p><a href="https://www.amazon.com/dp/B0BHX9MGTV?tag=eloabder-20&linkCode=osi&th=1&psc=1">View Product</a></div><div class="product"><a href="https://www.amazon.com/dp/B071JVXMBW?tag=eloabder-20&linkCode=osi&th=1&psc=1"><img src="https://m.media-amazon.com/images/I/41dDO730qNL._SL500_.jpg" alt="Product Image"></a><p>Hanes Boys' and Toddler Underwear, Comfort Flex and ComfortSoft Boxer Briefs, Multiple Packs Available, Assorted-7 Pack, Large</p><p>$13.00</p><a href="https://www.amazon.com/dp/B071JVXMBW?tag=eloabder-20&linkCode=osi&th=1&psc=1">View Product</a></div>
<div class="product"><a href="https://www.amazon.com/dp/B0BHX978MW?tag=eloabder-20&linkCode=osi&th=1&psc=1"><img src="https://m.media-amazon.com/images/I/41DVOhGuwJL._SL500_.jpg" alt="Product Image"></a><p>Hanes Boys' and Toddler Underwear, Comfort Flex and ComfortSoft Boxer Briefs, Multiple Packs Available, Solids/Prints Assorted-pack of 10, Large</p><p>$18.49</p><a href="https://www.amazon.com/dp/B0BHX978MW?tag=eloabder-20&linkCode=osi&th=1&psc=1">View Product</a></div>
<div class="product"><a href="https://www.amazon.com/dp/B0BHXBJPZ6?tag=eloabder-20&linkCode=osi&th=1&psc=1"><img src="https://m.media-amazon.com/images/I/41xmYCCb5TL._SL500_.jpg" alt="Product Image"></a><p>Hanes Men's Boys Boxer Briefs Pack, Cool Comfort Tagless Underwear, 7-Pack, Assorted, Small</p><p>$13.00</p><a href="https://www.amazon.com/dp/B0BHXBJPZ6?tag=eloabder-20&linkCode=osi&th=1&psc=1">View Product</a></div><div class="product"><a href="https://www.amazon.com/dp/B07T9FYQS8?tag=eloabder-20&linkCode=osi&th=1&psc=1"><img src="https://m.media-amazon.com/images/I/41hpu+H+4BS._SL500_.jpg" alt="Product Image"></a><p>Hanes Boys' X-Temp Boxer Briefs, Moisture Wicking Breathable Underwear, Tagless, Assorted 6 Pack, Medium</p><p>$14.45</p><a href="https://www.amazon.com/dp/B07T9FYQS8?tag=eloabder-20&linkCode=osi&th=1&psc=1">View Product</a></div>
<div class="product"><a href="https://www.amazon.com/dp/B00S4GMSOI?tag=eloabder-20&linkCode=osi&th=1&psc=1"><img src="https://m.media-amazon.com/images/I/31iFPCkYcTL._SL500_.jpg" alt="Product Image"></a><p>Hanes Boys Socks, Double Tough Cushioned Crew 12-pair Packs Athletic-socks, White/Grey Bottom, Large US</p><p>$9.99</p><a href="https://www.amazon.com/dp/B00S4GMSOI?tag=eloabder-20&linkCode=osi&th=1&psc=1">View Product</a></div>














<div class="product"><a href="https://www.amazon.com/dp/B00VTVE4Z6?tag=eloabder-20&linkCode=osi&th=1&psc=1"><img src="https://m.media-amazon.com/images/I/21Gp9b3ASJL._SL500_.jpg" alt="Product Image"></a><p>Fruit Of The Loom Boys Eversoft Cotton Undershirts, T Shirts & Tank Tops Underwear, T Shirt - Boys - 5 Pack - White, X-Large US</p><p>$9.99</p><a href="https://www.amazon.com/dp/B00VTVE4Z6?tag=eloabder-20&linkCode=osi&th=1&psc=1">View Product</a></div>

<div class="product"><a href="https://www.amazon.com/dp/B07T8C2FGP?tag=eloabder-20&linkCode=osi&th=1&psc=1"><img src="https://m.media-amazon.com/images/I/11REPowhbuL._SL500_.jpg" alt="Product Image"></a><p>Hanes Boys' Tank Undershirt, EcoSmart Cotton Shirt, Multiple Packs Available, White, Small</p><p>$9.00</p><a href="https://www.amazon.com/dp/B07T8C2FGP?tag=eloabder-20&linkCode=osi&th=1&psc=1">View Product</a></div><div class="product"><a href="https://www.amazon.com/dp/B07GLLY1B5?tag=eloabder-20&linkCode=osi&th=1&psc=1"><img src="https://m.media-amazon.com/images/I/21jImswBMOL._SL500_.jpg" alt="Product Image"></a><p>Fruit Of The Loom Boys Eversoft Cotton Undershirts, T Shirts & Tank Tops Underwear, Tank - Boys - 10 Pack - White, Small US</p><p>$18.99</p><a href="https://www.amazon.com/dp/B07GLLY1B5?tag=eloabder-20&linkCode=osi&th=1&psc=1">View Product</a></div>

















<div class="product"><a href="https://www.amazon.com/dp/B0CC6T1BXL?tag=eloabder-20&linkCode=osi&th=1&psc=1"><img src="https://m.media-amazon.com/images/I/51QfOhhRTAL._SL500_.jpg" alt="Product Image"></a><p>Hanes Boys' Big Performance Tween Boxer Brief Pack, X-Temp Mesh Underwear, Assorted, 6-Pack, Black/Blue/Green/Grey-6 Pack, X-Large</p><p>$16.13</p><a href="https://www.amazon.com/dp/B0CC6T1BXL?tag=eloabder-20&linkCode=osi&th=1&psc=1">View Product</a></div>
<div class="product"><a href="https://www.amazon.com/dp/B0CC6VPJ9T?tag=eloabder-20&linkCode=osi&th=1&psc=1"><img src="https://m.media-amazon.com/images/I/51QfOhhRTAL._SL500_.jpg" alt="Product Image"></a><p>Hanes Boys' Big Performance Tween Boxer Brief Pack, X-Temp Mesh Underwear, Assorted, Black/Blue/Green/Grey - 6 Pack, Small</p><p>$15.29</p><a href="https://www.amazon.com/dp/B0CC6VPJ9T?tag=eloabder-20&linkCode=osi&th=1&psc=1">View Product</a></div><div class="product"><a href="https://www.amazon.com/dp/B0BHX9MGTV?tag=eloabder-20&linkCode=osi&th=1&psc=1"><img src="https://m.media-amazon.com/images/I/41xmYCCb5TL._SL500_.jpg" alt="Product Image"></a><p>Hanes Men's Boys Boxer Briefs Pack, Cool Comfort Tagless Underwear, 7-Pack, Assorted, Large</p><p>$13.00</p><a href="https://www.amazon.com/dp/B0BHX9MGTV?tag=eloabder-20&linkCode=osi&th=1&psc=1">View Product</a></div><div class="product"><a href="https://www.amazon.com/dp/B071JVXMBW?tag=eloabder-20&linkCode=osi&th=1&psc=1"><img src="https://m.media-amazon.com/images/I/41dDO730qNL._SL500_.jpg" alt="Product Image"></a><p>Hanes Boys' and Toddler Underwear, Comfort Flex and ComfortSoft Boxer Briefs, Multiple Packs Available, Assorted-7 Pack, Large</p><p>$13.00</p><a href="https://www.amazon.com/dp/B071JVXMBW?tag=eloabder-20&linkCode=osi&th=1&psc=1">View Product</a></div>
<div class="product"><a href="https://www.amazon.com/dp/B0BHX978MW?tag=eloabder-20&linkCode=osi&th=1&psc=1"><img src="https://m.media-amazon.com/images/I/41DVOhGuwJL._SL500_.jpg" alt="Product Image"></a><p>Hanes Boys' and Toddler Underwear, Comfort Flex and ComfortSoft Boxer Briefs, Multiple Packs Available, Solids/Prints Assorted-pack of 10, Large</p><p>$18.49</p><a href="https://www.amazon.com/dp/B0BHX978MW?tag=eloabder-20&linkCode=osi&th=1&psc=1">View Product</a></div>
<div class="product"><a href="https://www.amazon.com/dp/B0BHXBJPZ6?tag=eloabder-20&linkCode=osi&th=1&psc=1"><img src="https://m.media-amazon.com/images/I/41xmYCCb5TL._SL500_.jpg" alt="Product Image"></a><p>Hanes Men's Boys Boxer Briefs Pack, Cool Comfort Tagless Underwear, 7-Pack, Assorted, Small</p><p>$13.00</p><a href="https://www.amazon.com/dp/B0BHXBJPZ6?tag=eloabder-20&linkCode=osi&th=1&psc=1">View Product</a></div><div class="product"><a href="https://www.amazon.com/dp/B07T9FYQS8?tag=eloabder-20&linkCode=osi&th=1&psc=1"><img src="https://m.media-amazon.com/images/I/41hpu+H+4BS._SL500_.jpg" alt="Product Image"></a><p>Hanes Boys' X-Temp Boxer Briefs, Moisture Wicking Breathable Underwear, Tagless, Assorted 6 Pack, Medium</p><p>$14.45</p><a href="https://www.amazon.com/dp/B07T9FYQS8?tag=eloabder-20&linkCode=osi&th=1&psc=1">View Product</a></div>
<div class="product"><a href="https://www.amazon.com/dp/B00S4GMSOI?tag=eloabder-20&linkCode=osi&th=1&psc=1"><img src="https://m.media-amazon.com/images/I/31iFPCkYcTL._SL500_.jpg" alt="Product Image"></a><p>Hanes Boys Socks, Double Tough Cushioned Crew 12-pair Packs Athletic-socks, White/Grey Bottom, Large US</p><p>$9.99</p><a href="https://www.amazon.com/dp/B00S4GMSOI?tag=eloabder-20&linkCode=osi&th=1&psc=1">View Product</a></div>















<div class="product"><a href="https://www.amazon.com/dp/B00VTVE4Z6?tag=eloabder-20&linkCode=osi&th=1&psc=1"><img src="https://m.media-amazon.com/images/I/21Gp9b3ASJL._SL500_.jpg" alt="Product Image"></a><p>Fruit Of The Loom Boys Eversoft Cotton Undershirts, T Shirts & Tank Tops Underwear, T Shirt - Boys - 5 Pack - White, X-Large US</p><p>$9.99</p><a href="https://www.amazon.com/dp/B00VTVE4Z6?tag=eloabder-20&linkCode=osi&th=1&psc=1">View Product</a></div>

<div class="product"><a href="https://www.amazon.com/dp/B07T8C2FGP?tag=eloabder-20&linkCode=osi&th=1&psc=1"><img src="https://m.media-amazon.com/images/I/11REPowhbuL._SL500_.jpg" alt="Product Image"></a><p>Hanes Boys' Tank Undershirt, EcoSmart Cotton Shirt, Multiple Packs Available, White, Small</p><p>$9.00</p><a href="https://www.amazon.com/dp/B07T8C2FGP?tag=eloabder-20&linkCode=osi&th=1&psc=1">View Product</a></div><div class="product"><a href="https://www.amazon.com/dp/B07GLLY1B5?tag=eloabder-20&linkCode=osi&th=1&psc=1"><img src="https://m.media-amazon.com/images/I/21jImswBMOL._SL500_.jpg" alt="Product Image"></a><p>Fruit Of The Loom Boys Eversoft Cotton Undershirts, T Shirts & Tank Tops Underwear, Tank - Boys - 10 Pack - White, Small US</p><p>$18.99</p><a href="https://www.amazon.com/dp/B07GLLY1B5?tag=eloabder-20&linkCode=osi&th=1&psc=1">View Product</a></div>

















<div class="product"><a href="https://www.amazon.com/dp/B0CC6T1BXL?tag=eloabder-20&linkCode=osi&th=1&psc=1"><img src="https://m.media-amazon.com/images/I/51QfOhhRTAL._SL500_.jpg" alt="Product Image"></a><p>Hanes Boys' Big Performance Tween Boxer Brief Pack, X-Temp Mesh Underwear, Assorted, 6-Pack, Black/Blue/Green/Grey-6 Pack, X-Large</p><p>$16.13</p><a href="https://www.amazon.com/dp/B0CC6T1BXL?tag=eloabder-20&linkCode=osi&th=1&psc=1">View Product</a></div>
<div class="product"><a href="https://www.amazon.com/dp/B0CC6VPJ9T?tag=eloabder-20&linkCode=osi&th=1&psc=1"><img src="https://m.media-amazon.com/images/I/51QfOhhRTAL._SL500_.jpg" alt="Product Image"></a><p>Hanes Boys' Big Performance Tween Boxer Brief Pack, X-Temp Mesh Underwear, Assorted, Black/Blue/Green/Grey - 6 Pack, Small</p><p>$15.29</p><a href="https://www.amazon.com/dp/B0CC6VPJ9T?tag=eloabder-20&linkCode=osi&th=1&psc=1">View Product</a></div><div class="product"><a href="https://www.amazon.com/dp/B0BHX9MGTV?tag=eloabder-20&linkCode=osi&th=1&psc=1"><img src="https://m.media-amazon.com/images/I/41xmYCCb5TL._SL500_.jpg" alt="Product Image"></a><p>Hanes Men's Boys Boxer Briefs Pack, Cool Comfort Tagless Underwear, 7-Pack, Assorted, Large</p><p>$13.00</p><a href="https://www.amazon.com/dp/B0BHX9MGTV?tag=eloabder-20&linkCode=osi&th=1&psc=1">View Product</a></div><div class="product"><a href="https://www.amazon.com/dp/B071JVXMBW?tag=eloabder-20&linkCode=osi&th=1&psc=1"><img src="https://m.media-amazon.com/images/I/41dDO730qNL._SL500_.jpg" alt="Product Image"></a><p>Hanes Boys' and Toddler Underwear, Comfort Flex and ComfortSoft Boxer Briefs, Multiple Packs Available, Assorted-7 Pack, Large</p><p>$13.00</p><a href="https://www.amazon.com/dp/B071JVXMBW?tag=eloabder-20&linkCode=osi&th=1&psc=1">View Product</a></div>
<div class="product"><a href="https://www.amazon.com/dp/B0BHX978MW?tag=eloabder-20&linkCode=osi&th=1&psc=1"><img src="https://m.media-amazon.com/images/I/41DVOhGuwJL._SL500_.jpg" alt="Product Image"></a><p>Hanes Boys' and Toddler Underwear, Comfort Flex and ComfortSoft Boxer Briefs, Multiple Packs Available, Solids/Prints Assorted-pack of 10, Large</p><p>$18.49</p><a href="https://www.amazon.com/dp/B0BHX978MW?tag=eloabder-20&linkCode=osi&th=1&psc=1">View Product</a></div>
<div class="product"><a href="https://www.amazon.com/dp/B0BHXBJPZ6?tag=eloabder-20&linkCode=osi&th=1&psc=1"><img src="https://m.media-amazon.com/images/I/41xmYCCb5TL._SL500_.jpg" alt="Product Image"></a><p>Hanes Men's Boys Boxer Briefs Pack, Cool Comfort Tagless Underwear, 7-Pack, Assorted, Small</p><p>$13.00</p><a href="https://www.amazon.com/dp/B0BHXBJPZ6?tag=eloabder-20&linkCode=osi&th=1&psc=1">View Product</a></div><div class="product"><a href="https://www.amazon.com/dp/B07T9FYQS8?tag=eloabder-20&linkCode=osi&th=1&psc=1"><img src="https://m.media-amazon.com/images/I/41hpu+H+4BS._SL500_.jpg" alt="Product Image"></a><p>Hanes Boys' X-Temp Boxer Briefs, Moisture Wicking Breathable Underwear, Tagless, Assorted 6 Pack, Medium</p><p>$14.45</p><a href="https://www.amazon.com/dp/B07T9FYQS8?tag=eloabder-20&linkCode=osi&th=1&psc=1">View Product</a></div>
<div class="product"><a href="https://www.amazon.com/dp/B00S4GMSOI?tag=eloabder-20&linkCode=osi&th=1&psc=1"><img src="https://m.media-amazon.com/images/I/31iFPCkYcTL._SL500_.jpg" alt="Product Image"></a><p>Hanes Boys Socks, Double Tough Cushioned Crew 12-pair Packs Athletic-socks, White/Grey Bottom, Large US</p><p>$9.99</p><a href="https://www.amazon.com/dp/B00S4GMSOI?tag=eloabder-20&linkCode=osi&th=1&psc=1">View Product</a></div>
















<div class="product"><a href="https://www.amazon.com/dp/B00VTVE4Z6?tag=eloabder-20&linkCode=osi&th=1&psc=1"><img src="https://m.media-amazon.com/images/I/21Gp9b3ASJL._SL500_.jpg" alt="Product Image"></a><p>Fruit Of The Loom Boys Eversoft Cotton Undershirts, T Shirts & Tank Tops Underwear, T Shirt - Boys - 5 Pack - White, X-Large US</p><p>$9.99</p><a href="https://www.amazon.com/dp/B00VTVE4Z6?tag=eloabder-20&linkCode=osi&th=1&psc=1">View Product</a></div>

<div class="product"><a href="https://www.amazon.com/dp/B07T8C2FGP?tag=eloabder-20&linkCode=osi&th=1&psc=1"><img src="https://m.media-amazon.com/images/I/11REPowhbuL._SL500_.jpg" alt="Product Image"></a><p>Hanes Boys' Tank Undershirt, EcoSmart Cotton Shirt, Multiple Packs Available, White, Small</p><p>$9.00</p><a href="https://www.amazon.com/dp/B07T8C2FGP?tag=eloabder-20&linkCode=osi&th=1&psc=1">View Product</a></div><div class="product"><a href="https://www.amazon.com/dp/B07GLLY1B5?tag=eloabder-20&linkCode=osi&th=1&psc=1"><img src="https://m.media-amazon.com/images/I/21jImswBMOL._SL500_.jpg" alt="Product Image"></a><p>Fruit Of The Loom Boys Eversoft Cotton Undershirts, T Shirts & Tank Tops Underwear, Tank - Boys - 10 Pack - White, Small US</p><p>$18.99</p><a href="https://www.amazon.com/dp/B07GLLY1B5?tag=eloabder-20&linkCode=osi&th=1&psc=1">View Product</a></div>

















<div class="product"><a href="https://www.amazon.com/dp/B0CC6T1BXL?tag=eloabder-20&linkCode=osi&th=1&psc=1"><img src="https://m.media-amazon.com/images/I/51QfOhhRTAL._SL500_.jpg" alt="Product Image"></a><p>Hanes Boys' Big Performance Tween Boxer Brief Pack, X-Temp Mesh Underwear, Assorted, 6-Pack, Black/Blue/Green/Grey-6 Pack, X-Large</p><p>$16.13</p><a href="https://www.amazon.com/dp/B0CC6T1BXL?tag=eloabder-20&linkCode=osi&th=1&psc=1">View Product</a></div>
<div class="product"><a href="https://www.amazon.com/dp/B0CC6VPJ9T?tag=eloabder-20&linkCode=osi&th=1&psc=1"><img src="https://m.media-amazon.com/images/I/51QfOhhRTAL._SL500_.jpg" alt="Product Image"></a><p>Hanes Boys' Big Performance Tween Boxer Brief Pack, X-Temp Mesh Underwear, Assorted, Black/Blue/Green/Grey - 6 Pack, Small</p><p>$15.29</p><a href="https://www.amazon.com/dp/B0CC6VPJ9T?tag=eloabder-20&linkCode=osi&th=1&psc=1">View Product</a></div><div class="product"><a href="https://www.amazon.com/dp/B0BHX9MGTV?tag=eloabder-20&linkCode=osi&th=1&psc=1"><img src="https://m.media-amazon.com/images/I/41xmYCCb5TL._SL500_.jpg" alt="Product Image"></a><p>Hanes Men's Boys Boxer Briefs Pack, Cool Comfort Tagless Underwear, 7-Pack, Assorted, Large</p><p>$13.00</p><a href="https://www.amazon.com/dp/B0BHX9MGTV?tag=eloabder-20&linkCode=osi&th=1&psc=1">View Product</a></div><div class="product"><a href="https://www.amazon.com/dp/B071JVXMBW?tag=eloabder-20&linkCode=osi&th=1&psc=1"><img src="https://m.media-amazon.com/images/I/41dDO730qNL._SL500_.jpg" alt="Product Image"></a><p>Hanes Boys' and Toddler Underwear, Comfort Flex and ComfortSoft Boxer Briefs, Multiple Packs Available, Assorted-7 Pack, Large</p><p>$13.00</p><a href="https://www.amazon.com/dp/B071JVXMBW?tag=eloabder-20&linkCode=osi&th=1&psc=1">View Product</a></div>
<div class="product"><a href="https://www.amazon.com/dp/B0BHX978MW?tag=eloabder-20&linkCode=osi&th=1&psc=1"><img src="https://m.media-amazon.com/images/I/41DVOhGuwJL._SL500_.jpg" alt="Product Image"></a><p>Hanes Boys' and Toddler Underwear, Comfort Flex and ComfortSoft Boxer Briefs, Multiple Packs Available, Solids/Prints Assorted-pack of 10, Large</p><p>$18.49</p><a href="https://www.amazon.com/dp/B0BHX978MW?tag=eloabder-20&linkCode=osi&th=1&psc=1">View Product</a></div>
<div class="product"><a href="https://www.amazon.com/dp/B0BHXBJPZ6?tag=eloabder-20&linkCode=osi&th=1&psc=1"><img src="https://m.media-amazon.com/images/I/41xmYCCb5TL._SL500_.jpg" alt="Product Image"></a><p>Hanes Men's Boys Boxer Briefs Pack, Cool Comfort Tagless Underwear, 7-Pack, Assorted, Small</p><p>$13.00</p><a href="https://www.amazon.com/dp/B0BHXBJPZ6?tag=eloabder-20&linkCode=osi&th=1&psc=1">View Product</a></div><div class="product"><a href="https://www.amazon.com/dp/B07T9FYQS8?tag=eloabder-20&linkCode=osi&th=1&psc=1"><img src="https://m.media-amazon.com/images/I/41hpu+H+4BS._SL500_.jpg" alt="Product Image"></a><p>Hanes Boys' X-Temp Boxer Briefs, Moisture Wicking Breathable Underwear, Tagless, Assorted 6 Pack, Medium</p><p>$14.45</p><a href="https://www.amazon.com/dp/B07T9FYQS8?tag=eloabder-20&linkCode=osi&th=1&psc=1">View Product</a></div>
<div class="product"><a href="https://www.amazon.com/dp/B00S4GMSOI?tag=eloabder-20&linkCode=osi&th=1&psc=1"><img src="https://m.media-amazon.com/images/I/31iFPCkYcTL._SL500_.jpg" alt="Product Image"></a><p>Hanes Boys Socks, Double Tough Cushioned Crew 12-pair Packs Athletic-socks, White/Grey Bottom, Large US</p><p>$9.99</p><a href="https://www.amazon.com/dp/B00S4GMSOI?tag=eloabder-20&linkCode=osi&th=1&psc=1">View Product</a></div>

















<div class="product"><a href="https://www.amazon.com/dp/B00VTVE4Z6?tag=eloabder-20&linkCode=osi&th=1&psc=1"><img src="https://m.media-amazon.com/images/I/21Gp9b3ASJL._SL500_.jpg" alt="Product Image"></a><p>Fruit Of The Loom Boys Eversoft Cotton Undershirts, T Shirts & Tank Tops Underwear, T Shirt - Boys - 5 Pack - White, X-Large US</p><p>$9.99</p><a href="https://www.amazon.com/dp/B00VTVE4Z6?tag=eloabder-20&linkCode=osi&th=1&psc=1">View Product</a></div>

<div class="product"><a href="https://www.amazon.com/dp/B07T8C2FGP?tag=eloabder-20&linkCode=osi&th=1&psc=1"><img src="https://m.media-amazon.com/images/I/11REPowhbuL._SL500_.jpg" alt="Product Image"></a><p>Hanes Boys' Tank Undershirt, EcoSmart Cotton Shirt, Multiple Packs Available, White, Small</p><p>$9.00</p><a href="https://www.amazon.com/dp/B07T8C2FGP?tag=eloabder-20&linkCode=osi&th=1&psc=1">View Product</a></div><div class="product"><a href="https://www.amazon.com/dp/B07GLLY1B5?tag=eloabder-20&linkCode=osi&th=1&psc=1"><img src="https://m.media-amazon.com/images/I/21jImswBMOL._SL500_.jpg" alt="Product Image"></a><p>Fruit Of The Loom Boys Eversoft Cotton Undershirts, T Shirts & Tank Tops Underwear, Tank - Boys - 10 Pack - White, Small US</p><p>$18.99</p><a href="https://www.amazon.com/dp/B07GLLY1B5?tag=eloabder-20&linkCode=osi&th=1&psc=1">View Product</a></div>

















<div class="product"><a href="https://www.amazon.com/dp/B0CC6T1BXL?tag=eloabder-20&linkCode=osi&th=1&psc=1"><img src="https://m.media-amazon.com/images/I/51QfOhhRTAL._SL500_.jpg" alt="Product Image"></a><p>Hanes Boys' Big Performance Tween Boxer Brief Pack, X-Temp Mesh Underwear, Assorted, 6-Pack, Black/Blue/Green/Grey-6 Pack, X-Large</p><p>$16.13</p><a href="https://www.amazon.com/dp/B0CC6T1BXL?tag=eloabder-20&linkCode=osi&th=1&psc=1">View Product</a></div>
<div class="product"><a href="https://www.amazon.com/dp/B0CC6VPJ9T?tag=eloabder-20&linkCode=osi&th=1&psc=1"><img src="https://m.media-amazon.com/images/I/51QfOhhRTAL._SL500_.jpg" alt="Product Image"></a><p>Hanes Boys' Big Performance Tween Boxer Brief Pack, X-Temp Mesh Underwear, Assorted, Black/Blue/Green/Grey - 6 Pack, Small</p><p>$15.29</p><a href="https://www.amazon.com/dp/B0CC6VPJ9T?tag=eloabder-20&linkCode=osi&th=1&psc=1">View Product</a></div><div class="product"><a href="https://www.amazon.com/dp/B0BHX9MGTV?tag=eloabder-20&linkCode=osi&th=1&psc=1"><img src="https://m.media-amazon.com/images/I/41xmYCCb5TL._SL500_.jpg" alt="Product Image"></a><p>Hanes Men's Boys Boxer Briefs Pack, Cool Comfort Tagless Underwear, 7-Pack, Assorted, Large</p><p>$13.00</p><a href="https://www.amazon.com/dp/B0BHX9MGTV?tag=eloabder-20&linkCode=osi&th=1&psc=1">View Product</a></div><div class="product"><a href="https://www.amazon.com/dp/B071JVXMBW?tag=eloabder-20&linkCode=osi&th=1&psc=1"><img src="https://m.media-amazon.com/images/I/41dDO730qNL._SL500_.jpg" alt="Product Image"></a><p>Hanes Boys' and Toddler Underwear, Comfort Flex and ComfortSoft Boxer Briefs, Multiple Packs Available, Assorted-7 Pack, Large</p><p>$13.00</p><a href="https://www.amazon.com/dp/B071JVXMBW?tag=eloabder-20&linkCode=osi&th=1&psc=1">View Product</a></div>
<div class="product"><a href="https://www.amazon.com/dp/B0BHX978MW?tag=eloabder-20&linkCode=osi&th=1&psc=1"><img src="https://m.media-amazon.com/images/I/41DVOhGuwJL._SL500_.jpg" alt="Product Image"></a><p>Hanes Boys' and Toddler Underwear, Comfort Flex and ComfortSoft Boxer Briefs, Multiple Packs Available, Solids/Prints Assorted-pack of 10, Large</p><p>$18.49</p><a href="https://www.amazon.com/dp/B0BHX978MW?tag=eloabder-20&linkCode=osi&th=1&psc=1">View Product</a></div>
<div class="product"><a href="https://www.amazon.com/dp/B0BHXBJPZ6?tag=eloabder-20&linkCode=osi&th=1&psc=1"><img src="https://m.media-amazon.com/images/I/41xmYCCb5TL._SL500_.jpg" alt="Product Image"></a><p>Hanes Men's Boys Boxer Briefs Pack, Cool Comfort Tagless Underwear, 7-Pack, Assorted, Small</p><p>$13.00</p><a href="https://www.amazon.com/dp/B0BHXBJPZ6?tag=eloabder-20&linkCode=osi&th=1&psc=1">View Product</a></div><div class="product"><a href="https://www.amazon.com/dp/B07T9FYQS8?tag=eloabder-20&linkCode=osi&th=1&psc=1"><img src="https://m.media-amazon.com/images/I/41hpu+H+4BS._SL500_.jpg" alt="Product Image"></a><p>Hanes Boys' X-Temp Boxer Briefs, Moisture Wicking Breathable Underwear, Tagless, Assorted 6 Pack, Medium</p><p>$14.45</p><a href="https://www.amazon.com/dp/B07T9FYQS8?tag=eloabder-20&linkCode=osi&th=1&psc=1">View Product</a></div>
<div class="product"><a href="https://www.amazon.com/dp/B00S4GMSOI?tag=eloabder-20&linkCode=osi&th=1&psc=1"><img src="https://m.media-amazon.com/images/I/31iFPCkYcTL._SL500_.jpg" alt="Product Image"></a><p>Hanes Boys Socks, Double Tough Cushioned Crew 12-pair Packs Athletic-socks, White/Grey Bottom, Large US</p><p>$9.99</p><a href="https://www.amazon.com/dp/B00S4GMSOI?tag=eloabder-20&linkCode=osi&th=1&psc=1">View Product</a></div>


















<div class="product"><a href="https://www.amazon.com/dp/B00VTVE4Z6?tag=eloabder-20&linkCode=osi&th=1&psc=1"><img src="https://m.media-amazon.com/images/I/21Gp9b3ASJL._SL500_.jpg" alt="Product Image"></a><p>Fruit Of The Loom Boys Eversoft Cotton Undershirts, T Shirts & Tank Tops Underwear, T Shirt - Boys - 5 Pack - White, X-Large US</p><p>$9.99</p><a href="https://www.amazon.com/dp/B00VTVE4Z6?tag=eloabder-20&linkCode=osi&th=1&psc=1">View Product</a></div>

<div class="product"><a href="https://www.amazon.com/dp/B07T8C2FGP?tag=eloabder-20&linkCode=osi&th=1&psc=1"><img src="https://m.media-amazon.com/images/I/11REPowhbuL._SL500_.jpg" alt="Product Image"></a><p>Hanes Boys' Tank Undershirt, EcoSmart Cotton Shirt, Multiple Packs Available, White, Small</p><p>$9.00</p><a href="https://www.amazon.com/dp/B07T8C2FGP?tag=eloabder-20&linkCode=osi&th=1&psc=1">View Product</a></div><div class="product"><a href="https://www.amazon.com/dp/B07GLLY1B5?tag=eloabder-20&linkCode=osi&th=1&psc=1"><img src="https://m.media-amazon.com/images/I/21jImswBMOL._SL500_.jpg" alt="Product Image"></a><p>Fruit Of The Loom Boys Eversoft Cotton Undershirts, T Shirts & Tank Tops Underwear, Tank - Boys - 10 Pack - White, Small US</p><p>$18.99</p><a href="https://www.amazon.com/dp/B07GLLY1B5?tag=eloabder-20&linkCode=osi&th=1&psc=1">View Product</a></div>

















<div class="product"><a href="https://www.amazon.com/dp/B0CC6T1BXL?tag=eloabder-20&linkCode=osi&th=1&psc=1"><img src="https://m.media-amazon.com/images/I/51QfOhhRTAL._SL500_.jpg" alt="Product Image"></a><p>Hanes Boys' Big Performance Tween Boxer Brief Pack, X-Temp Mesh Underwear, Assorted, 6-Pack, Black/Blue/Green/Grey-6 Pack, X-Large</p><p>$16.13</p><a href="https://www.amazon.com/dp/B0CC6T1BXL?tag=eloabder-20&linkCode=osi&th=1&psc=1">View Product</a></div>
<div class="product"><a href="https://www.amazon.com/dp/B0CC6VPJ9T?tag=eloabder-20&linkCode=osi&th=1&psc=1"><img src="https://m.media-amazon.com/images/I/51QfOhhRTAL._SL500_.jpg" alt="Product Image"></a><p>Hanes Boys' Big Performance Tween Boxer Brief Pack, X-Temp Mesh Underwear, Assorted, Black/Blue/Green/Grey - 6 Pack, Small</p><p>$15.29</p><a href="https://www.amazon.com/dp/B0CC6VPJ9T?tag=eloabder-20&linkCode=osi&th=1&psc=1">View Product</a></div><div class="product"><a href="https://www.amazon.com/dp/B0BHX9MGTV?tag=eloabder-20&linkCode=osi&th=1&psc=1"><img src="https://m.media-amazon.com/images/I/41xmYCCb5TL._SL500_.jpg" alt="Product Image"></a><p>Hanes Men's Boys Boxer Briefs Pack, Cool Comfort Tagless Underwear, 7-Pack, Assorted, Large</p><p>$13.00</p><a href="https://www.amazon.com/dp/B0BHX9MGTV?tag=eloabder-20&linkCode=osi&th=1&psc=1">View Product</a></div><div class="product"><a href="https://www.amazon.com/dp/B071JVXMBW?tag=eloabder-20&linkCode=osi&th=1&psc=1"><img src="https://m.media-amazon.com/images/I/41dDO730qNL._SL500_.jpg" alt="Product Image"></a><p>Hanes Boys' and Toddler Underwear, Comfort Flex and ComfortSoft Boxer Briefs, Multiple Packs Available, Assorted-7 Pack, Large</p><p>$13.00</p><a href="https://www.amazon.com/dp/B071JVXMBW?tag=eloabder-20&linkCode=osi&th=1&psc=1">View Product</a></div>
<div class="product"><a href="https://www.amazon.com/dp/B0BHX978MW?tag=eloabder-20&linkCode=osi&th=1&psc=1"><img src="https://m.media-amazon.com/images/I/41DVOhGuwJL._SL500_.jpg" alt="Product Image"></a><p>Hanes Boys' and Toddler Underwear, Comfort Flex and ComfortSoft Boxer Briefs, Multiple Packs Available, Solids/Prints Assorted-pack of 10, Large</p><p>$18.49</p><a href="https://www.amazon.com/dp/B0BHX978MW?tag=eloabder-20&linkCode=osi&th=1&psc=1">View Product</a></div>
<div class="product"><a href="https://www.amazon.com/dp/B0BHXBJPZ6?tag=eloabder-20&linkCode=osi&th=1&psc=1"><img src="https://m.media-amazon.com/images/I/41xmYCCb5TL._SL500_.jpg" alt="Product Image"></a><p>Hanes Men's Boys Boxer Briefs Pack, Cool Comfort Tagless Underwear, 7-Pack, Assorted, Small</p><p>$13.00</p><a href="https://www.amazon.com/dp/B0BHXBJPZ6?tag=eloabder-20&linkCode=osi&th=1&psc=1">View Product</a></div><div class="product"><a href="https://www.amazon.com/dp/B07T9FYQS8?tag=eloabder-20&linkCode=osi&th=1&psc=1"><img src="https://m.media-amazon.com/images/I/41hpu+H+4BS._SL500_.jpg" alt="Product Image"></a><p>Hanes Boys' X-Temp Boxer Briefs, Moisture Wicking Breathable Underwear, Tagless, Assorted 6 Pack, Medium</p><p>$14.45</p><a href="https://www.amazon.com/dp/B07T9FYQS8?tag=eloabder-20&linkCode=osi&th=1&psc=1">View Product</a></div>
<div class="product"><a href="https://www.amazon.com/dp/B00S4GMSOI?tag=eloabder-20&linkCode=osi&th=1&psc=1"><img src="https://m.media-amazon.com/images/I/31iFPCkYcTL._SL500_.jpg" alt="Product Image"></a><p>Hanes Boys Socks, Double Tough Cushioned Crew 12-pair Packs Athletic-socks, White/Grey Bottom, Large US</p><p>$9.99</p><a href="https://www.amazon.com/dp/B00S4GMSOI?tag=eloabder-20&linkCode=osi&th=1&psc=1">View Product</a></div>



















<div class="product"><a href="https://www.amazon.com/dp/B00VTVE4Z6?tag=eloabder-20&linkCode=osi&th=1&psc=1"><img src="https://m.media-amazon.com/images/I/21Gp9b3ASJL._SL500_.jpg" alt="Product Image"></a><p>Fruit Of The Loom Boys Eversoft Cotton Undershirts, T Shirts & Tank Tops Underwear, T Shirt - Boys - 5 Pack - White, X-Large US</p><p>$9.99</p><a href="https://www.amazon.com/dp/B00VTVE4Z6?tag=eloabder-20&linkCode=osi&th=1&psc=1">View Product</a></div>

<div class="product"><a href="https://www.amazon.com/dp/B07T8C2FGP?tag=eloabder-20&linkCode=osi&th=1&psc=1"><img src="https://m.media-amazon.com/images/I/11REPowhbuL._SL500_.jpg" alt="Product Image"></a><p>Hanes Boys' Tank Undershirt, EcoSmart Cotton Shirt, Multiple Packs Available, White, Small</p><p>$9.00</p><a href="https://www.amazon.com/dp/B07T8C2FGP?tag=eloabder-20&linkCode=osi&th=1&psc=1">View Product</a></div><div class="product"><a href="https://www.amazon.com/dp/B07GLLY1B5?tag=eloabder-20&linkCode=osi&th=1&psc=1"><img src="https://m.media-amazon.com/images/I/21jImswBMOL._SL500_.jpg" alt="Product Image"></a><p>Fruit Of The Loom Boys Eversoft Cotton Undershirts, T Shirts & Tank Tops Underwear, Tank - Boys - 10 Pack - White, Small US</p><p>$18.99</p><a href="https://www.amazon.com/dp/B07GLLY1B5?tag=eloabder-20&linkCode=osi&th=1&psc=1">View Product</a></div>

















<div class="product"><a href="https://www.amazon.com/dp/B0CC6T1BXL?tag=eloabder-20&linkCode=osi&th=1&psc=1"><img src="https://m.media-amazon.com/images/I/51QfOhhRTAL._SL500_.jpg" alt="Product Image"></a><p>Hanes Boys' Big Performance Tween Boxer Brief Pack, X-Temp Mesh Underwear, Assorted, 6-Pack, Black/Blue/Green/Grey-6 Pack, X-Large</p><p>$16.13</p><a href="https://www.amazon.com/dp/B0CC6T1BXL?tag=eloabder-20&linkCode=osi&th=1&psc=1">View Product</a></div>
<div class="product"><a href="https://www.amazon.com/dp/B0CC6VPJ9T?tag=eloabder-20&linkCode=osi&th=1&psc=1"><img src="https://m.media-amazon.com/images/I/51QfOhhRTAL._SL500_.jpg" alt="Product Image"></a><p>Hanes Boys' Big Performance Tween Boxer Brief Pack, X-Temp Mesh Underwear, Assorted, Black/Blue/Green/Grey - 6 Pack, Small</p><p>$15.29</p><a href="https://www.amazon.com/dp/B0CC6VPJ9T?tag=eloabder-20&linkCode=osi&th=1&psc=1">View Product</a></div><div class="product"><a href="https://www.amazon.com/dp/B0BHX9MGTV?tag=eloabder-20&linkCode=osi&th=1&psc=1"><img src="https://m.media-amazon.com/images/I/41xmYCCb5TL._SL500_.jpg" alt="Product Image"></a><p>Hanes Men's Boys Boxer Briefs Pack, Cool Comfort Tagless Underwear, 7-Pack, Assorted, Large</p><p>$13.00</p><a href="https://www.amazon.com/dp/B0BHX9MGTV?tag=eloabder-20&linkCode=osi&th=1&psc=1">View Product</a></div><div class="product"><a href="https://www.amazon.com/dp/B071JVXMBW?tag=eloabder-20&linkCode=osi&th=1&psc=1"><img src="https://m.media-amazon.com/images/I/41dDO730qNL._SL500_.jpg" alt="Product Image"></a><p>Hanes Boys' and Toddler Underwear, Comfort Flex and ComfortSoft Boxer Briefs, Multiple Packs Available, Assorted-7 Pack, Large</p><p>$13.00</p><a href="https://www.amazon.com/dp/B071JVXMBW?tag=eloabder-20&linkCode=osi&th=1&psc=1">View Product</a></div>
<div class="product"><a href="https://www.amazon.com/dp/B0BHX978MW?tag=eloabder-20&linkCode=osi&th=1&psc=1"><img src="https://m.media-amazon.com/images/I/41DVOhGuwJL._SL500_.jpg" alt="Product Image"></a><p>Hanes Boys' and Toddler Underwear, Comfort Flex and ComfortSoft Boxer Briefs, Multiple Packs Available, Solids/Prints Assorted-pack of 10, Large</p><p>$18.49</p><a href="https://www.amazon.com/dp/B0BHX978MW?tag=eloabder-20&linkCode=osi&th=1&psc=1">View Product</a></div>
<div class="product"><a href="https://www.amazon.com/dp/B0BHXBJPZ6?tag=eloabder-20&linkCode=osi&th=1&psc=1"><img src="https://m.media-amazon.com/images/I/41xmYCCb5TL._SL500_.jpg" alt="Product Image"></a><p>Hanes Men's Boys Boxer Briefs Pack, Cool Comfort Tagless Underwear, 7-Pack, Assorted, Small</p><p>$13.00</p><a href="https://www.amazon.com/dp/B0BHXBJPZ6?tag=eloabder-20&linkCode=osi&th=1&psc=1">View Product</a></div><div class="product"><a href="https://www.amazon.com/dp/B07T9FYQS8?tag=eloabder-20&linkCode=osi&th=1&psc=1"><img src="https://m.media-amazon.com/images/I/41hpu+H+4BS._SL500_.jpg" alt="Product Image"></a><p>Hanes Boys' X-Temp Boxer Briefs, Moisture Wicking Breathable Underwear, Tagless, Assorted 6 Pack, Medium</p><p>$14.45</p><a href="https://www.amazon.com/dp/B07T9FYQS8?tag=eloabder-20&linkCode=osi&th=1&psc=1">View Product</a></div>
<div class="product"><a href="https://www.amazon.com/dp/B00S4GMSOI?tag=eloabder-20&linkCode=osi&th=1&psc=1"><img src="https://m.media-amazon.com/images/I/31iFPCkYcTL._SL500_.jpg" alt="Product Image"></a><p>Hanes Boys Socks, Double Tough Cushioned Crew 12-pair Packs Athletic-socks, White/Grey Bottom, Large US</p><p>$9.99</p><a href="https://www.amazon.com/dp/B00S4GMSOI?tag=eloabder-20&linkCode=osi&th=1&psc=1">View Product</a></div>




















<div class="product"><a href="https://www.amazon.com/dp/B00VTVE4Z6?tag=eloabder-20&linkCode=osi&th=1&psc=1"><img src="https://m.media-amazon.com/images/I/21Gp9b3ASJL._SL500_.jpg" alt="Product Image"></a><p>Fruit Of The Loom Boys Eversoft Cotton Undershirts, T Shirts & Tank Tops Underwear, T Shirt - Boys - 5 Pack - White, X-Large US</p><p>$9.99</p><a href="https://www.amazon.com/dp/B00VTVE4Z6?tag=eloabder-20&linkCode=osi&th=1&psc=1">View Product</a></div>

<div class="product"><a href="https://www.amazon.com/dp/B07T8C2FGP?tag=eloabder-20&linkCode=osi&th=1&psc=1"><img src="https://m.media-amazon.com/images/I/11REPowhbuL._SL500_.jpg" alt="Product Image"></a><p>Hanes Boys' Tank Undershirt, EcoSmart Cotton Shirt, Multiple Packs Available, White, Small</p><p>$9.00</p><a href="https://www.amazon.com/dp/B07T8C2FGP?tag=eloabder-20&linkCode=osi&th=1&psc=1">View Product</a></div><div class="product"><a href="https://www.amazon.com/dp/B07GLLY1B5?tag=eloabder-20&linkCode=osi&th=1&psc=1"><img src="https://m.media-amazon.com/images/I/21jImswBMOL._SL500_.jpg" alt="Product Image"></a><p>Fruit Of The Loom Boys Eversoft Cotton Undershirts, T Shirts & Tank Tops Underwear, Tank - Boys - 10 Pack - White, Small US</p><p>$18.99</p><a href="https://www.amazon.com/dp/B07GLLY1B5?tag=eloabder-20&linkCode=osi&th=1&psc=1">View Product</a></div>

















<div class="product"><a href="https://www.amazon.com/dp/B0CC6T1BXL?tag=eloabder-20&linkCode=osi&th=1&psc=1"><img src="https://m.media-amazon.com/images/I/51QfOhhRTAL._SL500_.jpg" alt="Product Image"></a><p>Hanes Boys' Big Performance Tween Boxer Brief Pack, X-Temp Mesh Underwear, Assorted, 6-Pack, Black/Blue/Green/Grey-6 Pack, X-Large</p><p>$16.13</p><a href="https://www.amazon.com/dp/B0CC6T1BXL?tag=eloabder-20&linkCode=osi&th=1&psc=1">View Product</a></div>
<div class="product"><a href="https://www.amazon.com/dp/B0CC6VPJ9T?tag=eloabder-20&linkCode=osi&th=1&psc=1"><img src="https://m.media-amazon.com/images/I/51QfOhhRTAL._SL500_.jpg" alt="Product Image"></a><p>Hanes Boys' Big Performance Tween Boxer Brief Pack, X-Temp Mesh Underwear, Assorted, Black/Blue/Green/Grey - 6 Pack, Small</p><p>$15.29</p><a href="https://www.amazon.com/dp/B0CC6VPJ9T?tag=eloabder-20&linkCode=osi&th=1&psc=1">View Product</a></div><div class="product"><a href="https://www.amazon.com/dp/B0BHX9MGTV?tag=eloabder-20&linkCode=osi&th=1&psc=1"><img src="https://m.media-amazon.com/images/I/41xmYCCb5TL._SL500_.jpg" alt="Product Image"></a><p>Hanes Men's Boys Boxer Briefs Pack, Cool Comfort Tagless Underwear, 7-Pack, Assorted, Large</p><p>$13.00</p><a href="https://www.amazon.com/dp/B0BHX9MGTV?tag=eloabder-20&linkCode=osi&th=1&psc=1">View Product</a></div><div class="product"><a href="https://www.amazon.com/dp/B071JVXMBW?tag=eloabder-20&linkCode=osi&th=1&psc=1"><img src="https://m.media-amazon.com/images/I/41dDO730qNL._SL500_.jpg" alt="Product Image"></a><p>Hanes Boys' and Toddler Underwear, Comfort Flex and ComfortSoft Boxer Briefs, Multiple Packs Available, Assorted-7 Pack, Large</p><p>$13.00</p><a href="https://www.amazon.com/dp/B071JVXMBW?tag=eloabder-20&linkCode=osi&th=1&psc=1">View Product</a></div>
<div class="product"><a href="https://www.amazon.com/dp/B0BHX978MW?tag=eloabder-20&linkCode=osi&th=1&psc=1"><img src="https://m.media-amazon.com/images/I/41DVOhGuwJL._SL500_.jpg" alt="Product Image"></a><p>Hanes Boys' and Toddler Underwear, Comfort Flex and ComfortSoft Boxer Briefs, Multiple Packs Available, Solids/Prints Assorted-pack of 10, Large</p><p>$18.49</p><a href="https://www.amazon.com/dp/B0BHX978MW?tag=eloabder-20&linkCode=osi&th=1&psc=1">View Product</a></div>
<div class="product"><a href="https://www.amazon.com/dp/B0BHXBJPZ6?tag=eloabder-20&linkCode=osi&th=1&psc=1"><img src="https://m.media-amazon.com/images/I/41xmYCCb5TL._SL500_.jpg" alt="Product Image"></a><p>Hanes Men's Boys Boxer Briefs Pack, Cool Comfort Tagless Underwear, 7-Pack, Assorted, Small</p><p>$13.00</p><a href="https://www.amazon.com/dp/B0BHXBJPZ6?tag=eloabder-20&linkCode=osi&th=1&psc=1">View Product</a></div><div class="product"><a href="https://www.amazon.com/dp/B07T9FYQS8?tag=eloabder-20&linkCode=osi&th=1&psc=1"><img src="https://m.media-amazon.com/images/I/41hpu+H+4BS._SL500_.jpg" alt="Product Image"></a><p>Hanes Boys' X-Temp Boxer Briefs, Moisture Wicking Breathable Underwear, Tagless, Assorted 6 Pack, Medium</p><p>$14.45</p><a href="https://www.amazon.com/dp/B07T9FYQS8?tag=eloabder-20&linkCode=osi&th=1&psc=1">View Product</a></div>
<div class="product"><a href="https://www.amazon.com/dp/B00S4GMSOI?tag=eloabder-20&linkCode=osi&th=1&psc=1"><img src="https://m.media-amazon.com/images/I/31iFPCkYcTL._SL500_.jpg" alt="Product Image"></a><p>Hanes Boys Socks, Double Tough Cushioned Crew 12-pair Packs Athletic-socks, White/Grey Bottom, Large US</p><p>$9.99</p><a href="https://www.amazon.com/dp/B00S4GMSOI?tag=eloabder-20&linkCode=osi&th=1&psc=1">View Product</a></div>





















<div class="product"><a href="https://www.amazon.com/dp/B00VTVE4Z6?tag=eloabder-20&linkCode=osi&th=1&psc=1"><img src="https://m.media-amazon.com/images/I/21Gp9b3ASJL._SL500_.jpg" alt="Product Image"></a><p>Fruit Of The Loom Boys Eversoft Cotton Undershirts, T Shirts & Tank Tops Underwear, T Shirt - Boys - 5 Pack - White, X-Large US</p><p>$9.99</p><a href="https://www.amazon.com/dp/B00VTVE4Z6?tag=eloabder-20&linkCode=osi&th=1&psc=1">View Product</a></div>

<div class="product"><a href="https://www.amazon.com/dp/B07T8C2FGP?tag=eloabder-20&linkCode=osi&th=1&psc=1"><img src="https://m.media-amazon.com/images/I/11REPowhbuL._SL500_.jpg" alt="Product Image"></a><p>Hanes Boys' Tank Undershirt, EcoSmart Cotton Shirt, Multiple Packs Available, White, Small</p><p>$9.00</p><a href="https://www.amazon.com/dp/B07T8C2FGP?tag=eloabder-20&linkCode=osi&th=1&psc=1">View Product</a></div><div class="product"><a href="https://www.amazon.com/dp/B07GLLY1B5?tag=eloabder-20&linkCode=osi&th=1&psc=1"><img src="https://m.media-amazon.com/images/I/21jImswBMOL._SL500_.jpg" alt="Product Image"></a><p>Fruit Of The Loom Boys Eversoft Cotton Undershirts, T Shirts & Tank Tops Underwear, Tank - Boys - 10 Pack - White, Small US</p><p>$18.99</p><a href="https://www.amazon.com/dp/B07GLLY1B5?tag=eloabder-20&linkCode=osi&th=1&psc=1">View Product</a></div>

















<div class="product"><a href="https://www.amazon.com/dp/B0CC6T1BXL?tag=eloabder-20&linkCode=osi&th=1&psc=1"><img src="https://m.media-amazon.com/images/I/51QfOhhRTAL._SL500_.jpg" alt="Product Image"></a><p>Hanes Boys' Big Performance Tween Boxer Brief Pack, X-Temp Mesh Underwear, Assorted, 6-Pack, Black/Blue/Green/Grey-6 Pack, X-Large</p><p>$16.13</p><a href="https://www.amazon.com/dp/B0CC6T1BXL?tag=eloabder-20&linkCode=osi&th=1&psc=1">View Product</a></div>
<div class="product"><a href="https://www.amazon.com/dp/B0CC6VPJ9T?tag=eloabder-20&linkCode=osi&th=1&psc=1"><img src="https://m.media-amazon.com/images/I/51QfOhhRTAL._SL500_.jpg" alt="Product Image"></a><p>Hanes Boys' Big Performance Tween Boxer Brief Pack, X-Temp Mesh Underwear, Assorted, Black/Blue/Green/Grey - 6 Pack, Small</p><p>$15.29</p><a href="https://www.amazon.com/dp/B0CC6VPJ9T?tag=eloabder-20&linkCode=osi&th=1&psc=1">View Product</a></div><div class="product"><a href="https://www.amazon.com/dp/B0BHX9MGTV?tag=eloabder-20&linkCode=osi&th=1&psc=1"><img src="https://m.media-amazon.com/images/I/41xmYCCb5TL._SL500_.jpg" alt="Product Image"></a><p>Hanes Men's Boys Boxer Briefs Pack, Cool Comfort Tagless Underwear, 7-Pack, Assorted, Large</p><p>$13.00</p><a href="https://www.amazon.com/dp/B0BHX9MGTV?tag=eloabder-20&linkCode=osi&th=1&psc=1">View Product</a></div><div class="product"><a href="https://www.amazon.com/dp/B071JVXMBW?tag=eloabder-20&linkCode=osi&th=1&psc=1"><img src="https://m.media-amazon.com/images/I/41dDO730qNL._SL500_.jpg" alt="Product Image"></a><p>Hanes Boys' and Toddler Underwear, Comfort Flex and ComfortSoft Boxer Briefs, Multiple Packs Available, Assorted-7 Pack, Large</p><p>$13.00</p><a href="https://www.amazon.com/dp/B071JVXMBW?tag=eloabder-20&linkCode=osi&th=1&psc=1">View Product</a></div>
<div class="product"><a href="https://www.amazon.com/dp/B0BHX978MW?tag=eloabder-20&linkCode=osi&th=1&psc=1"><img src="https://m.media-amazon.com/images/I/41DVOhGuwJL._SL500_.jpg" alt="Product Image"></a><p>Hanes Boys' and Toddler Underwear, Comfort Flex and ComfortSoft Boxer Briefs, Multiple Packs Available, Solids/Prints Assorted-pack of 10, Large</p><p>$18.49</p><a href="https://www.amazon.com/dp/B0BHX978MW?tag=eloabder-20&linkCode=osi&th=1&psc=1">View Product</a></div>
<div class="product"><a href="https://www.amazon.com/dp/B0BHXBJPZ6?tag=eloabder-20&linkCode=osi&th=1&psc=1"><img src="https://m.media-amazon.com/images/I/41xmYCCb5TL._SL500_.jpg" alt="Product Image"></a><p>Hanes Men's Boys Boxer Briefs Pack, Cool Comfort Tagless Underwear, 7-Pack, Assorted, Small</p><p>$13.00</p><a href="https://www.amazon.com/dp/B0BHXBJPZ6?tag=eloabder-20&linkCode=osi&th=1&psc=1">View Product</a></div><div class="product"><a href="https://www.amazon.com/dp/B07T9FYQS8?tag=eloabder-20&linkCode=osi&th=1&psc=1"><img src="https://m.media-amazon.com/images/I/41hpu+H+4BS._SL500_.jpg" alt="Product Image"></a><p>Hanes Boys' X-Temp Boxer Briefs, Moisture Wicking Breathable Underwear, Tagless, Assorted 6 Pack, Medium</p><p>$14.45</p><a href="https://www.amazon.com/dp/B07T9FYQS8?tag=eloabder-20&linkCode=osi&th=1&psc=1">View Product</a></div>
<div class="product"><a href="https://www.amazon.com/dp/B00S4GMSOI?tag=eloabder-20&linkCode=osi&th=1&psc=1"><img src="https://m.media-amazon.com/images/I/31iFPCkYcTL._SL500_.jpg" alt="Product Image"></a><p>Hanes Boys Socks, Double Tough Cushioned Crew 12-pair Packs Athletic-socks, White/Grey Bottom, Large US</p><p>$9.99</p><a href="https://www.amazon.com/dp/B00S4GMSOI?tag=eloabder-20&linkCode=osi&th=1&psc=1">View Product</a></div>






















<div class="product"><a href="https://www.amazon.com/dp/B00VTVE4Z6?tag=eloabder-20&linkCode=osi&th=1&psc=1"><img src="https://m.media-amazon.com/images/I/21Gp9b3ASJL._SL500_.jpg" alt="Product Image"></a><p>Fruit Of The Loom Boys Eversoft Cotton Undershirts, T Shirts & Tank Tops Underwear, T Shirt - Boys - 5 Pack - White, X-Large US</p><p>$9.99</p><a href="https://www.amazon.com/dp/B00VTVE4Z6?tag=eloabder-20&linkCode=osi&th=1&psc=1">View Product</a></div>

<div class="product"><a href="https://www.amazon.com/dp/B07T8C2FGP?tag=eloabder-20&linkCode=osi&th=1&psc=1"><img src="https://m.media-amazon.com/images/I/11REPowhbuL._SL500_.jpg" alt="Product Image"></a><p>Hanes Boys' Tank Undershirt, EcoSmart Cotton Shirt, Multiple Packs Available, White, Small</p><p>$9.00</p><a href="https://www.amazon.com/dp/B07T8C2FGP?tag=eloabder-20&linkCode=osi&th=1&psc=1">View Product</a></div><div class="product"><a href="https://www.amazon.com/dp/B07GLLY1B5?tag=eloabder-20&linkCode=osi&th=1&psc=1"><img src="https://m.media-amazon.com/images/I/21jImswBMOL._SL500_.jpg" alt="Product Image"></a><p>Fruit Of The Loom Boys Eversoft Cotton Undershirts, T Shirts & Tank Tops Underwear, Tank - Boys - 10 Pack - White, Small US</p><p>$18.99</p><a href="https://www.amazon.com/dp/B07GLLY1B5?tag=eloabder-20&linkCode=osi&th=1&psc=1">View Product</a></div>

















<div class="product"><a href="https://www.amazon.com/dp/B0CC6T1BXL?tag=eloabder-20&linkCode=osi&th=1&psc=1"><img src="https://m.media-amazon.com/images/I/51QfOhhRTAL._SL500_.jpg" alt="Product Image"></a><p>Hanes Boys' Big Performance Tween Boxer Brief Pack, X-Temp Mesh Underwear, Assorted, 6-Pack, Black/Blue/Green/Grey-6 Pack, X-Large</p><p>$16.13</p><a href="https://www.amazon.com/dp/B0CC6T1BXL?tag=eloabder-20&linkCode=osi&th=1&psc=1">View Product</a></div>
<div class="product"><a href="https://www.amazon.com/dp/B0CC6VPJ9T?tag=eloabder-20&linkCode=osi&th=1&psc=1"><img src="https://m.media-amazon.com/images/I/51QfOhhRTAL._SL500_.jpg" alt="Product Image"></a><p>Hanes Boys' Big Performance Tween Boxer Brief Pack, X-Temp Mesh Underwear, Assorted, Black/Blue/Green/Grey - 6 Pack, Small</p><p>$15.29</p><a href="https://www.amazon.com/dp/B0CC6VPJ9T?tag=eloabder-20&linkCode=osi&th=1&psc=1">View Product</a></div><div class="product"><a href="https://www.amazon.com/dp/B0BHX9MGTV?tag=eloabder-20&linkCode=osi&th=1&psc=1"><img src="https://m.media-amazon.com/images/I/41xmYCCb5TL._SL500_.jpg" alt="Product Image"></a><p>Hanes Men's Boys Boxer Briefs Pack, Cool Comfort Tagless Underwear, 7-Pack, Assorted, Large</p><p>$13.00</p><a href="https://www.amazon.com/dp/B0BHX9MGTV?tag=eloabder-20&linkCode=osi&th=1&psc=1">View Product</a></div><div class="product"><a href="https://www.amazon.com/dp/B071JVXMBW?tag=eloabder-20&linkCode=osi&th=1&psc=1"><img src="https://m.media-amazon.com/images/I/41dDO730qNL._SL500_.jpg" alt="Product Image"></a><p>Hanes Boys' and Toddler Underwear, Comfort Flex and ComfortSoft Boxer Briefs, Multiple Packs Available, Assorted-7 Pack, Large</p><p>$13.00</p><a href="https://www.amazon.com/dp/B071JVXMBW?tag=eloabder-20&linkCode=osi&th=1&psc=1">View Product</a></div>
<div class="product"><a href="https://www.amazon.com/dp/B0BHX978MW?tag=eloabder-20&linkCode=osi&th=1&psc=1"><img src="https://m.media-amazon.com/images/I/41DVOhGuwJL._SL500_.jpg" alt="Product Image"></a><p>Hanes Boys' and Toddler Underwear, Comfort Flex and ComfortSoft Boxer Briefs, Multiple Packs Available, Solids/Prints Assorted-pack of 10, Large</p><p>$18.49</p><a href="https://www.amazon.com/dp/B0BHX978MW?tag=eloabder-20&linkCode=osi&th=1&psc=1">View Product</a></div>
<div class="product"><a href="https://www.amazon.com/dp/B0BHXBJPZ6?tag=eloabder-20&linkCode=osi&th=1&psc=1"><img src="https://m.media-amazon.com/images/I/41xmYCCb5TL._SL500_.jpg" alt="Product Image"></a><p>Hanes Men's Boys Boxer Briefs Pack, Cool Comfort Tagless Underwear, 7-Pack, Assorted, Small</p><p>$13.00</p><a href="https://www.amazon.com/dp/B0BHXBJPZ6?tag=eloabder-20&linkCode=osi&th=1&psc=1">View Product</a></div><div class="product"><a href="https://www.amazon.com/dp/B07T9FYQS8?tag=eloabder-20&linkCode=osi&th=1&psc=1"><img src="https://m.media-amazon.com/images/I/41hpu+H+4BS._SL500_.jpg" alt="Product Image"></a><p>Hanes Boys' X-Temp Boxer Briefs, Moisture Wicking Breathable Underwear, Tagless, Assorted 6 Pack, Medium</p><p>$14.45</p><a href="https://www.amazon.com/dp/B07T9FYQS8?tag=eloabder-20&linkCode=osi&th=1&psc=1">View Product</a></div>
<div class="product"><a href="https://www.amazon.com/dp/B00S4GMSOI?tag=eloabder-20&linkCode=osi&th=1&psc=1"><img src="https://m.media-amazon.com/images/I/31iFPCkYcTL._SL500_.jpg" alt="Product Image"></a><p>Hanes Boys Socks, Double Tough Cushioned Crew 12-pair Packs Athletic-socks, White/Grey Bottom, Large US</p><p>$9.99</p><a href="https://www.amazon.com/dp/B00S4GMSOI?tag=eloabder-20&linkCode=osi&th=1&psc=1">View Product</a></div>























<div class="product"><a href="https://www.amazon.com/dp/B00VTVE4Z6?tag=eloabder-20&linkCode=osi&th=1&psc=1"><img src="https://m.media-amazon.com/images/I/21Gp9b3ASJL._SL500_.jpg" alt="Product Image"></a><p>Fruit Of The Loom Boys Eversoft Cotton Undershirts, T Shirts & Tank Tops Underwear, T Shirt - Boys - 5 Pack - White, X-Large US</p><p>$9.99</p><a href="https://www.amazon.com/dp/B00VTVE4Z6?tag=eloabder-20&linkCode=osi&th=1&psc=1">View Product</a></div>

<div class="product"><a href="https://www.amazon.com/dp/B07T8C2FGP?tag=eloabder-20&linkCode=osi&th=1&psc=1"><img src="https://m.media-amazon.com/images/I/11REPowhbuL._SL500_.jpg" alt="Product Image"></a><p>Hanes Boys' Tank Undershirt, EcoSmart Cotton Shirt, Multiple Packs Available, White, Small</p><p>$9.00</p><a href="https://www.amazon.com/dp/B07T8C2FGP?tag=eloabder-20&linkCode=osi&th=1&psc=1">View Product</a></div><div class="product"><a href="https://www.amazon.com/dp/B07GLLY1B5?tag=eloabder-20&linkCode=osi&th=1&psc=1"><img src="https://m.media-amazon.com/images/I/21jImswBMOL._SL500_.jpg" alt="Product Image"></a><p>Fruit Of The Loom Boys Eversoft Cotton Undershirts, T Shirts & Tank Tops Underwear, Tank - Boys - 10 Pack - White, Small US</p><p>$18.99</p><a href="https://www.amazon.com/dp/B07GLLY1B5?tag=eloabder-20&linkCode=osi&th=1&psc=1">View Product</a></div>

















<div class="product"><a href="https://www.amazon.com/dp/B0CC6T1BXL?tag=eloabder-20&linkCode=osi&th=1&psc=1"><img src="https://m.media-amazon.com/images/I/51QfOhhRTAL._SL500_.jpg" alt="Product Image"></a><p>Hanes Boys' Big Performance Tween Boxer Brief Pack, X-Temp Mesh Underwear, Assorted, 6-Pack, Black/Blue/Green/Grey-6 Pack, X-Large</p><p>$16.13</p><a href="https://www.amazon.com/dp/B0CC6T1BXL?tag=eloabder-20&linkCode=osi&th=1&psc=1">View Product</a></div>
<div class="product"><a href="https://www.amazon.com/dp/B0CC6VPJ9T?tag=eloabder-20&linkCode=osi&th=1&psc=1"><img src="https://m.media-amazon.com/images/I/51QfOhhRTAL._SL500_.jpg" alt="Product Image"></a><p>Hanes Boys' Big Performance Tween Boxer Brief Pack, X-Temp Mesh Underwear, Assorted, Black/Blue/Green/Grey - 6 Pack, Small</p><p>$15.29</p><a href="https://www.amazon.com/dp/B0CC6VPJ9T?tag=eloabder-20&linkCode=osi&th=1&psc=1">View Product</a></div><div class="product"><a href="https://www.amazon.com/dp/B0BHX9MGTV?tag=eloabder-20&linkCode=osi&th=1&psc=1"><img src="https://m.media-amazon.com/images/I/41xmYCCb5TL._SL500_.jpg" alt="Product Image"></a><p>Hanes Men's Boys Boxer Briefs Pack, Cool Comfort Tagless Underwear, 7-Pack, Assorted, Large</p><p>$13.00</p><a href="https://www.amazon.com/dp/B0BHX9MGTV?tag=eloabder-20&linkCode=osi&th=1&psc=1">View Product</a></div><div class="product"><a href="https://www.amazon.com/dp/B071JVXMBW?tag=eloabder-20&linkCode=osi&th=1&psc=1"><img src="https://m.media-amazon.com/images/I/41dDO730qNL._SL500_.jpg" alt="Product Image"></a><p>Hanes Boys' and Toddler Underwear, Comfort Flex and ComfortSoft Boxer Briefs, Multiple Packs Available, Assorted-7 Pack, Large</p><p>$13.00</p><a href="https://www.amazon.com/dp/B071JVXMBW?tag=eloabder-20&linkCode=osi&th=1&psc=1">View Product</a></div>
<div class="product"><a href="https://www.amazon.com/dp/B0BHX978MW?tag=eloabder-20&linkCode=osi&th=1&psc=1"><img src="https://m.media-amazon.com/images/I/41DVOhGuwJL._SL500_.jpg" alt="Product Image"></a><p>Hanes Boys' and Toddler Underwear, Comfort Flex and ComfortSoft Boxer Briefs, Multiple Packs Available, Solids/Prints Assorted-pack of 10, Large</p><p>$18.49</p><a href="https://www.amazon.com/dp/B0BHX978MW?tag=eloabder-20&linkCode=osi&th=1&psc=1">View Product</a></div>
<div class="product"><a href="https://www.amazon.com/dp/B0BHXBJPZ6?tag=eloabder-20&linkCode=osi&th=1&psc=1"><img src="https://m.media-amazon.com/images/I/41xmYCCb5TL._SL500_.jpg" alt="Product Image"></a><p>Hanes Men's Boys Boxer Briefs Pack, Cool Comfort Tagless Underwear, 7-Pack, Assorted, Small</p><p>$13.00</p><a href="https://www.amazon.com/dp/B0BHXBJPZ6?tag=eloabder-20&linkCode=osi&th=1&psc=1">View Product</a></div><div class="product"><a href="https://www.amazon.com/dp/B07T9FYQS8?tag=eloabder-20&linkCode=osi&th=1&psc=1"><img src="https://m.media-amazon.com/images/I/41hpu+H+4BS._SL500_.jpg" alt="Product Image"></a><p>Hanes Boys' X-Temp Boxer Briefs, Moisture Wicking Breathable Underwear, Tagless, Assorted 6 Pack, Medium</p><p>$14.45</p><a href="https://www.amazon.com/dp/B07T9FYQS8?tag=eloabder-20&linkCode=osi&th=1&psc=1">View Product</a></div>
<div class="product"><a href="https://www.amazon.com/dp/B00S4GMSOI?tag=eloabder-20&linkCode=osi&th=1&psc=1"><img src="https://m.media-amazon.com/images/I/31iFPCkYcTL._SL500_.jpg" alt="Product Image"></a><p>Hanes Boys Socks, Double Tough Cushioned Crew 12-pair Packs Athletic-socks, White/Grey Bottom, Large US</p><p>$9.99</p><a href="https://www.amazon.com/dp/B00S4GMSOI?tag=eloabder-20&linkCode=osi&th=1&psc=1">View Product</a></div>
























<div class="product"><a href="https://www.amazon.com/dp/B00VTVE4Z6?tag=eloabder-20&linkCode=osi&th=1&psc=1"><img src="https://m.media-amazon.com/images/I/21Gp9b3ASJL._SL500_.jpg" alt="Product Image"></a><p>Fruit Of The Loom Boys Eversoft Cotton Undershirts, T Shirts & Tank Tops Underwear, T Shirt - Boys - 5 Pack - White, X-Large US</p><p>$9.99</p><a href="https://www.amazon.com/dp/B00VTVE4Z6?tag=eloabder-20&linkCode=osi&th=1&psc=1">View Product</a></div>

<div class="product"><a href="https://www.amazon.com/dp/B07T8C2FGP?tag=eloabder-20&linkCode=osi&th=1&psc=1"><img src="https://m.media-amazon.com/images/I/11REPowhbuL._SL500_.jpg" alt="Product Image"></a><p>Hanes Boys' Tank Undershirt, EcoSmart Cotton Shirt, Multiple Packs Available, White, Small</p><p>$9.00</p><a href="https://www.amazon.com/dp/B07T8C2FGP?tag=eloabder-20&linkCode=osi&th=1&psc=1">View Product</a></div><div class="product"><a href="https://www.amazon.com/dp/B07GLLY1B5?tag=eloabder-20&linkCode=osi&th=1&psc=1"><img src="https://m.media-amazon.com/images/I/21jImswBMOL._SL500_.jpg" alt="Product Image"></a><p>Fruit Of The Loom Boys Eversoft Cotton Undershirts, T Shirts & Tank Tops Underwear, Tank - Boys - 10 Pack - White, Small US</p><p>$18.99</p><a href="https://www.amazon.com/dp/B07GLLY1B5?tag=eloabder-20&linkCode=osi&th=1&psc=1">View Product</a></div>

















<div class="product"><a href="https://www.amazon.com/dp/B0CC6T1BXL?tag=eloabder-20&linkCode=osi&th=1&psc=1"><img src="https://m.media-amazon.com/images/I/51QfOhhRTAL._SL500_.jpg" alt="Product Image"></a><p>Hanes Boys' Big Performance Tween Boxer Brief Pack, X-Temp Mesh Underwear, Assorted, 6-Pack, Black/Blue/Green/Grey-6 Pack, X-Large</p><p>$16.13</p><a href="https://www.amazon.com/dp/B0CC6T1BXL?tag=eloabder-20&linkCode=osi&th=1&psc=1">View Product</a></div>
<div class="product"><a href="https://www.amazon.com/dp/B0CC6VPJ9T?tag=eloabder-20&linkCode=osi&th=1&psc=1"><img src="https://m.media-amazon.com/images/I/51QfOhhRTAL._SL500_.jpg" alt="Product Image"></a><p>Hanes Boys' Big Performance Tween Boxer Brief Pack, X-Temp Mesh Underwear, Assorted, Black/Blue/Green/Grey - 6 Pack, Small</p><p>$15.29</p><a href="https://www.amazon.com/dp/B0CC6VPJ9T?tag=eloabder-20&linkCode=osi&th=1&psc=1">View Product</a></div><div class="product"><a href="https://www.amazon.com/dp/B0BHX9MGTV?tag=eloabder-20&linkCode=osi&th=1&psc=1"><img src="https://m.media-amazon.com/images/I/41xmYCCb5TL._SL500_.jpg" alt="Product Image"></a><p>Hanes Men's Boys Boxer Briefs Pack, Cool Comfort Tagless Underwear, 7-Pack, Assorted, Large</p><p>$13.00</p><a href="https://www.amazon.com/dp/B0BHX9MGTV?tag=eloabder-20&linkCode=osi&th=1&psc=1">View Product</a></div><div class="product"><a href="https://www.amazon.com/dp/B071JVXMBW?tag=eloabder-20&linkCode=osi&th=1&psc=1"><img src="https://m.media-amazon.com/images/I/41dDO730qNL._SL500_.jpg" alt="Product Image"></a><p>Hanes Boys' and Toddler Underwear, Comfort Flex and ComfortSoft Boxer Briefs, Multiple Packs Available, Assorted-7 Pack, Large</p><p>$13.00</p><a href="https://www.amazon.com/dp/B071JVXMBW?tag=eloabder-20&linkCode=osi&th=1&psc=1">View Product</a></div>
<div class="product"><a href="https://www.amazon.com/dp/B0BHX978MW?tag=eloabder-20&linkCode=osi&th=1&psc=1"><img src="https://m.media-amazon.com/images/I/41DVOhGuwJL._SL500_.jpg" alt="Product Image"></a><p>Hanes Boys' and Toddler Underwear, Comfort Flex and ComfortSoft Boxer Briefs, Multiple Packs Available, Solids/Prints Assorted-pack of 10, Large</p><p>$18.49</p><a href="https://www.amazon.com/dp/B0BHX978MW?tag=eloabder-20&linkCode=osi&th=1&psc=1">View Product</a></div>
<div class="product"><a href="https://www.amazon.com/dp/B0BHXBJPZ6?tag=eloabder-20&linkCode=osi&th=1&psc=1"><img src="https://m.media-amazon.com/images/I/41xmYCCb5TL._SL500_.jpg" alt="Product Image"></a><p>Hanes Men's Boys Boxer Briefs Pack, Cool Comfort Tagless Underwear, 7-Pack, Assorted, Small</p><p>$13.00</p><a href="https://www.amazon.com/dp/B0BHXBJPZ6?tag=eloabder-20&linkCode=osi&th=1&psc=1">View Product</a></div><div class="product"><a href="https://www.amazon.com/dp/B07T9FYQS8?tag=eloabder-20&linkCode=osi&th=1&psc=1"><img src="https://m.media-amazon.com/images/I/41hpu+H+4BS._SL500_.jpg" alt="Product Image"></a><p>Hanes Boys' X-Temp Boxer Briefs, Moisture Wicking Breathable Underwear, Tagless, Assorted 6 Pack, Medium</p><p>$14.45</p><a href="https://www.amazon.com/dp/B07T9FYQS8?tag=eloabder-20&linkCode=osi&th=1&psc=1">View Product</a></div>
<div class="product"><a href="https://www.amazon.com/dp/B00S4GMSOI?tag=eloabder-20&linkCode=osi&th=1&psc=1"><img src="https://m.media-amazon.com/images/I/31iFPCkYcTL._SL500_.jpg" alt="Product Image"></a><p>Hanes Boys Socks, Double Tough Cushioned Crew 12-pair Packs Athletic-socks, White/Grey Bottom, Large US</p><p>$9.99</p><a href="https://www.amazon.com/dp/B00S4GMSOI?tag=eloabder-20&linkCode=osi&th=1&psc=1">View Product</a></div>

























<div class="product"><a href="https://www.amazon.com/dp/B00VTVE4Z6?tag=eloabder-20&linkCode=osi&th=1&psc=1"><img src="https://m.media-amazon.com/images/I/21Gp9b3ASJL._SL500_.jpg" alt="Product Image"></a><p>Fruit Of The Loom Boys Eversoft Cotton Undershirts, T Shirts & Tank Tops Underwear, T Shirt - Boys - 5 Pack - White, X-Large US</p><p>$9.99</p><a href="https://www.amazon.com/dp/B00VTVE4Z6?tag=eloabder-20&linkCode=osi&th=1&psc=1">View Product</a></div>

<div class="product"><a href="https://www.amazon.com/dp/B07T8C2FGP?tag=eloabder-20&linkCode=osi&th=1&psc=1"><img src="https://m.media-amazon.com/images/I/11REPowhbuL._SL500_.jpg" alt="Product Image"></a><p>Hanes Boys' Tank Undershirt, EcoSmart Cotton Shirt, Multiple Packs Available, White, Small</p><p>$9.00</p><a href="https://www.amazon.com/dp/B07T8C2FGP?tag=eloabder-20&linkCode=osi&th=1&psc=1">View Product</a></div><div class="product"><a href="https://www.amazon.com/dp/B07GLLY1B5?tag=eloabder-20&linkCode=osi&th=1&psc=1"><img src="https://m.media-amazon.com/images/I/21jImswBMOL._SL500_.jpg" alt="Product Image"></a><p>Fruit Of The Loom Boys Eversoft Cotton Undershirts, T Shirts & Tank Tops Underwear, Tank - Boys - 10 Pack - White, Small US</p><p>$18.99</p><a href="https://www.amazon.com/dp/B07GLLY1B5?tag=eloabder-20&linkCode=osi&th=1&psc=1">View Product</a></div>

















<div class="product"><a href="https://www.amazon.com/dp/B0CC6T1BXL?tag=eloabder-20&linkCode=osi&th=1&psc=1"><img src="https://m.media-amazon.com/images/I/51QfOhhRTAL._SL500_.jpg" alt="Product Image"></a><p>Hanes Boys' Big Performance Tween Boxer Brief Pack, X-Temp Mesh Underwear, Assorted, 6-Pack, Black/Blue/Green/Grey-6 Pack, X-Large</p><p>$16.13</p><a href="https://www.amazon.com/dp/B0CC6T1BXL?tag=eloabder-20&linkCode=osi&th=1&psc=1">View Product</a></div>
<div class="product"><a href="https://www.amazon.com/dp/B0CC6VPJ9T?tag=eloabder-20&linkCode=osi&th=1&psc=1"><img src="https://m.media-amazon.com/images/I/51QfOhhRTAL._SL500_.jpg" alt="Product Image"></a><p>Hanes Boys' Big Performance Tween Boxer Brief Pack, X-Temp Mesh Underwear, Assorted, Black/Blue/Green/Grey - 6 Pack, Small</p><p>$15.29</p><a href="https://www.amazon.com/dp/B0CC6VPJ9T?tag=eloabder-20&linkCode=osi&th=1&psc=1">View Product</a></div><div class="product"><a href="https://www.amazon.com/dp/B0BHX9MGTV?tag=eloabder-20&linkCode=osi&th=1&psc=1"><img src="https://m.media-amazon.com/images/I/41xmYCCb5TL._SL500_.jpg" alt="Product Image"></a><p>Hanes Men's Boys Boxer Briefs Pack, Cool Comfort Tagless Underwear, 7-Pack, Assorted, Large</p><p>$13.00</p><a href="https://www.amazon.com/dp/B0BHX9MGTV?tag=eloabder-20&linkCode=osi&th=1&psc=1">View Product</a></div><div class="product"><a href="https://www.amazon.com/dp/B071JVXMBW?tag=eloabder-20&linkCode=osi&th=1&psc=1"><img src="https://m.media-amazon.com/images/I/41dDO730qNL._SL500_.jpg" alt="Product Image"></a><p>Hanes Boys' and Toddler Underwear, Comfort Flex and ComfortSoft Boxer Briefs, Multiple Packs Available, Assorted-7 Pack, Large</p><p>$13.00</p><a href="https://www.amazon.com/dp/B071JVXMBW?tag=eloabder-20&linkCode=osi&th=1&psc=1">View Product</a></div>
<div class="product"><a href="https://www.amazon.com/dp/B0BHX978MW?tag=eloabder-20&linkCode=osi&th=1&psc=1"><img src="https://m.media-amazon.com/images/I/41DVOhGuwJL._SL500_.jpg" alt="Product Image"></a><p>Hanes Boys' and Toddler Underwear, Comfort Flex and ComfortSoft Boxer Briefs, Multiple Packs Available, Solids/Prints Assorted-pack of 10, Large</p><p>$18.49</p><a href="https://www.amazon.com/dp/B0BHX978MW?tag=eloabder-20&linkCode=osi&th=1&psc=1">View Product</a></div>
<div class="product"><a href="https://www.amazon.com/dp/B0BHXBJPZ6?tag=eloabder-20&linkCode=osi&th=1&psc=1"><img src="https://m.media-amazon.com/images/I/41xmYCCb5TL._SL500_.jpg" alt="Product Image"></a><p>Hanes Men's Boys Boxer Briefs Pack, Cool Comfort Tagless Underwear, 7-Pack, Assorted, Small</p><p>$13.00</p><a href="https://www.amazon.com/dp/B0BHXBJPZ6?tag=eloabder-20&linkCode=osi&th=1&psc=1">View Product</a></div><div class="product"><a href="https://www.amazon.com/dp/B07T9FYQS8?tag=eloabder-20&linkCode=osi&th=1&psc=1"><img src="https://m.media-amazon.com/images/I/41hpu+H+4BS._SL500_.jpg" alt="Product Image"></a><p>Hanes Boys' X-Temp Boxer Briefs, Moisture Wicking Breathable Underwear, Tagless, Assorted 6 Pack, Medium</p><p>$14.45</p><a href="https://www.amazon.com/dp/B07T9FYQS8?tag=eloabder-20&linkCode=osi&th=1&psc=1">View Product</a></div>
<div class="product"><a href="https://www.amazon.com/dp/B00S4GMSOI?tag=eloabder-20&linkCode=osi&th=1&psc=1"><img src="https://m.media-amazon.com/images/I/31iFPCkYcTL._SL500_.jpg" alt="Product Image"></a><p>Hanes Boys Socks, Double Tough Cushioned Crew 12-pair Packs Athletic-socks, White/Grey Bottom, Large US</p><p>$9.99</p><a href="https://www.amazon.com/dp/B00S4GMSOI?tag=eloabder-20&linkCode=osi&th=1&psc=1">View Product</a></div>


























<div class="product"><a href="https://www.amazon.com/dp/B00VTVE4Z6?tag=eloabder-20&linkCode=osi&th=1&psc=1"><img src="https://m.media-amazon.com/images/I/21Gp9b3ASJL._SL500_.jpg" alt="Product Image"></a><p>Fruit Of The Loom Boys Eversoft Cotton Undershirts, T Shirts & Tank Tops Underwear, T Shirt - Boys - 5 Pack - White, X-Large US</p><p>$9.99</p><a href="https://www.amazon.com/dp/B00VTVE4Z6?tag=eloabder-20&linkCode=osi&th=1&psc=1">View Product</a></div>

<div class="product"><a href="https://www.amazon.com/dp/B07T8C2FGP?tag=eloabder-20&linkCode=osi&th=1&psc=1"><img src="https://m.media-amazon.com/images/I/11REPowhbuL._SL500_.jpg" alt="Product Image"></a><p>Hanes Boys' Tank Undershirt, EcoSmart Cotton Shirt, Multiple Packs Available, White, Small</p><p>$9.00</p><a href="https://www.amazon.com/dp/B07T8C2FGP?tag=eloabder-20&linkCode=osi&th=1&psc=1">View Product</a></div><div class="product"><a href="https://www.amazon.com/dp/B07GLLY1B5?tag=eloabder-20&linkCode=osi&th=1&psc=1"><img src="https://m.media-amazon.com/images/I/21jImswBMOL._SL500_.jpg" alt="Product Image"></a><p>Fruit Of The Loom Boys Eversoft Cotton Undershirts, T Shirts & Tank Tops Underwear, Tank - Boys - 10 Pack - White, Small US</p><p>$18.99</p><a href="https://www.amazon.com/dp/B07GLLY1B5?tag=eloabder-20&linkCode=osi&th=1&psc=1">View Product</a></div>

















<div class="product"><a href="https://www.amazon.com/dp/B0CC6T1BXL?tag=eloabder-20&linkCode=osi&th=1&psc=1"><img src="https://m.media-amazon.com/images/I/51QfOhhRTAL._SL500_.jpg" alt="Product Image"></a><p>Hanes Boys' Big Performance Tween Boxer Brief Pack, X-Temp Mesh Underwear, Assorted, 6-Pack, Black/Blue/Green/Grey-6 Pack, X-Large</p><p>$16.13</p><a href="https://www.amazon.com/dp/B0CC6T1BXL?tag=eloabder-20&linkCode=osi&th=1&psc=1">View Product</a></div>
<div class="product"><a href="https://www.amazon.com/dp/B0CC6VPJ9T?tag=eloabder-20&linkCode=osi&th=1&psc=1"><img src="https://m.media-amazon.com/images/I/51QfOhhRTAL._SL500_.jpg" alt="Product Image"></a><p>Hanes Boys' Big Performance Tween Boxer Brief Pack, X-Temp Mesh Underwear, Assorted, Black/Blue/Green/Grey - 6 Pack, Small</p><p>$15.29</p><a href="https://www.amazon.com/dp/B0CC6VPJ9T?tag=eloabder-20&linkCode=osi&th=1&psc=1">View Product</a></div><div class="product"><a href="https://www.amazon.com/dp/B0BHX9MGTV?tag=eloabder-20&linkCode=osi&th=1&psc=1"><img src="https://m.media-amazon.com/images/I/41xmYCCb5TL._SL500_.jpg" alt="Product Image"></a><p>Hanes Men's Boys Boxer Briefs Pack, Cool Comfort Tagless Underwear, 7-Pack, Assorted, Large</p><p>$13.00</p><a href="https://www.amazon.com/dp/B0BHX9MGTV?tag=eloabder-20&linkCode=osi&th=1&psc=1">View Product</a></div><div class="product"><a href="https://www.amazon.com/dp/B071JVXMBW?tag=eloabder-20&linkCode=osi&th=1&psc=1"><img src="https://m.media-amazon.com/images/I/41dDO730qNL._SL500_.jpg" alt="Product Image"></a><p>Hanes Boys' and Toddler Underwear, Comfort Flex and ComfortSoft Boxer Briefs, Multiple Packs Available, Assorted-7 Pack, Large</p><p>$13.00</p><a href="https://www.amazon.com/dp/B071JVXMBW?tag=eloabder-20&linkCode=osi&th=1&psc=1">View Product</a></div>
<div class="product"><a href="https://www.amazon.com/dp/B0BHX978MW?tag=eloabder-20&linkCode=osi&th=1&psc=1"><img src="https://m.media-amazon.com/images/I/41DVOhGuwJL._SL500_.jpg" alt="Product Image"></a><p>Hanes Boys' and Toddler Underwear, Comfort Flex and ComfortSoft Boxer Briefs, Multiple Packs Available, Solids/Prints Assorted-pack of 10, Large</p><p>$18.49</p><a href="https://www.amazon.com/dp/B0BHX978MW?tag=eloabder-20&linkCode=osi&th=1&psc=1">View Product</a></div>
<div class="product"><a href="https://www.amazon.com/dp/B0BHXBJPZ6?tag=eloabder-20&linkCode=osi&th=1&psc=1"><img src="https://m.media-amazon.com/images/I/41xmYCCb5TL._SL500_.jpg" alt="Product Image"></a><p>Hanes Men's Boys Boxer Briefs Pack, Cool Comfort Tagless Underwear, 7-Pack, Assorted, Small</p><p>$13.00</p><a href="https://www.amazon.com/dp/B0BHXBJPZ6?tag=eloabder-20&linkCode=osi&th=1&psc=1">View Product</a></div><div class="product"><a href="https://www.amazon.com/dp/B07T9FYQS8?tag=eloabder-20&linkCode=osi&th=1&psc=1"><img src="https://m.media-amazon.com/images/I/41hpu+H+4BS._SL500_.jpg" alt="Product Image"></a><p>Hanes Boys' X-Temp Boxer Briefs, Moisture Wicking Breathable Underwear, Tagless, Assorted 6 Pack, Medium</p><p>$14.45</p><a href="https://www.amazon.com/dp/B07T9FYQS8?tag=eloabder-20&linkCode=osi&th=1&psc=1">View Product</a></div>
<div class="product"><a href="https://www.amazon.com/dp/B00S4GMSOI?tag=eloabder-20&linkCode=osi&th=1&psc=1"><img src="https://m.media-amazon.com/images/I/31iFPCkYcTL._SL500_.jpg" alt="Product Image"></a><p>Hanes Boys Socks, Double Tough Cushioned Crew 12-pair Packs Athletic-socks, White/Grey Bottom, Large US</p><p>$9.99</p><a href="https://www.amazon.com/dp/B00S4GMSOI?tag=eloabder-20&linkCode=osi&th=1&psc=1">View Product</a></div>



























<div class="product"><a href="https://www.amazon.com/dp/B00VTVE4Z6?tag=eloabder-20&linkCode=osi&th=1&psc=1"><img src="https://m.media-amazon.com/images/I/21Gp9b3ASJL._SL500_.jpg" alt="Product Image"></a><p>Fruit Of The Loom Boys Eversoft Cotton Undershirts, T Shirts & Tank Tops Underwear, T Shirt - Boys - 5 Pack - White, X-Large US</p><p>$9.99</p><a href="https://www.amazon.com/dp/B00VTVE4Z6?tag=eloabder-20&linkCode=osi&th=1&psc=1">View Product</a></div>

<div class="product"><a href="https://www.amazon.com/dp/B07T8C2FGP?tag=eloabder-20&linkCode=osi&th=1&psc=1"><img src="https://m.media-amazon.com/images/I/11REPowhbuL._SL500_.jpg" alt="Product Image"></a><p>Hanes Boys' Tank Undershirt, EcoSmart Cotton Shirt, Multiple Packs Available, White, Small</p><p>$9.00</p><a href="https://www.amazon.com/dp/B07T8C2FGP?tag=eloabder-20&linkCode=osi&th=1&psc=1">View Product</a></div><div class="product"><a href="https://www.amazon.com/dp/B07GLLY1B5?tag=eloabder-20&linkCode=osi&th=1&psc=1"><img src="https://m.media-amazon.com/images/I/21jImswBMOL._SL500_.jpg" alt="Product Image"></a><p>Fruit Of The Loom Boys Eversoft Cotton Undershirts, T Shirts & Tank Tops Underwear, Tank - Boys - 10 Pack - White, Small US</p><p>$18.99</p><a href="https://www.amazon.com/dp/B07GLLY1B5?tag=eloabder-20&linkCode=osi&th=1&psc=1">View Product</a></div>

















<div class="product"><a href="https://www.amazon.com/dp/B0CC6T1BXL?tag=eloabder-20&linkCode=osi&th=1&psc=1"><img src="https://m.media-amazon.com/images/I/51QfOhhRTAL._SL500_.jpg" alt="Product Image"></a><p>Hanes Boys' Big Performance Tween Boxer Brief Pack, X-Temp Mesh Underwear, Assorted, 6-Pack, Black/Blue/Green/Grey-6 Pack, X-Large</p><p>$16.13</p><a href="https://www.amazon.com/dp/B0CC6T1BXL?tag=eloabder-20&linkCode=osi&th=1&psc=1">View Product</a></div>
<div class="product"><a href="https://www.amazon.com/dp/B0CC6VPJ9T?tag=eloabder-20&linkCode=osi&th=1&psc=1"><img src="https://m.media-amazon.com/images/I/51QfOhhRTAL._SL500_.jpg" alt="Product Image"></a><p>Hanes Boys' Big Performance Tween Boxer Brief Pack, X-Temp Mesh Underwear, Assorted, Black/Blue/Green/Grey - 6 Pack, Small</p><p>$15.29</p><a href="https://www.amazon.com/dp/B0CC6VPJ9T?tag=eloabder-20&linkCode=osi&th=1&psc=1">View Product</a></div><div class="product"><a href="https://www.amazon.com/dp/B0BHX9MGTV?tag=eloabder-20&linkCode=osi&th=1&psc=1"><img src="https://m.media-amazon.com/images/I/41xmYCCb5TL._SL500_.jpg" alt="Product Image"></a><p>Hanes Men's Boys Boxer Briefs Pack, Cool Comfort Tagless Underwear, 7-Pack, Assorted, Large</p><p>$13.00</p><a href="https://www.amazon.com/dp/B0BHX9MGTV?tag=eloabder-20&linkCode=osi&th=1&psc=1">View Product</a></div><div class="product"><a href="https://www.amazon.com/dp/B071JVXMBW?tag=eloabder-20&linkCode=osi&th=1&psc=1"><img src="https://m.media-amazon.com/images/I/41dDO730qNL._SL500_.jpg" alt="Product Image"></a><p>Hanes Boys' and Toddler Underwear, Comfort Flex and ComfortSoft Boxer Briefs, Multiple Packs Available, Assorted-7 Pack, Large</p><p>$13.00</p><a href="https://www.amazon.com/dp/B071JVXMBW?tag=eloabder-20&linkCode=osi&th=1&psc=1">View Product</a></div>
<div class="product"><a href="https://www.amazon.com/dp/B0BHX978MW?tag=eloabder-20&linkCode=osi&th=1&psc=1"><img src="https://m.media-amazon.com/images/I/41DVOhGuwJL._SL500_.jpg" alt="Product Image"></a><p>Hanes Boys' and Toddler Underwear, Comfort Flex and ComfortSoft Boxer Briefs, Multiple Packs Available, Solids/Prints Assorted-pack of 10, Large</p><p>$18.49</p><a href="https://www.amazon.com/dp/B0BHX978MW?tag=eloabder-20&linkCode=osi&th=1&psc=1">View Product</a></div>
<div class="product"><a href="https://www.amazon.com/dp/B0BHXBJPZ6?tag=eloabder-20&linkCode=osi&th=1&psc=1"><img src="https://m.media-amazon.com/images/I/41xmYCCb5TL._SL500_.jpg" alt="Product Image"></a><p>Hanes Men's Boys Boxer Briefs Pack, Cool Comfort Tagless Underwear, 7-Pack, Assorted, Small</p><p>$13.00</p><a href="https://www.amazon.com/dp/B0BHXBJPZ6?tag=eloabder-20&linkCode=osi&th=1&psc=1">View Product</a></div><div class="product"><a href="https://www.amazon.com/dp/B07T9FYQS8?tag=eloabder-20&linkCode=osi&th=1&psc=1"><img src="https://m.media-amazon.com/images/I/41hpu+H+4BS._SL500_.jpg" alt="Product Image"></a><p>Hanes Boys' X-Temp Boxer Briefs, Moisture Wicking Breathable Underwear, Tagless, Assorted 6 Pack, Medium</p><p>$14.45</p><a href="https://www.amazon.com/dp/B07T9FYQS8?tag=eloabder-20&linkCode=osi&th=1&psc=1">View Product</a></div>
<div class="product"><a href="https://www.amazon.com/dp/B00S4GMSOI?tag=eloabder-20&linkCode=osi&th=1&psc=1"><img src="https://m.media-amazon.com/images/I/31iFPCkYcTL._SL500_.jpg" alt="Product Image"></a><p>Hanes Boys Socks, Double Tough Cushioned Crew 12-pair Packs Athletic-socks, White/Grey Bottom, Large US</p><p>$9.99</p><a href="https://www.amazon.com/dp/B00S4GMSOI?tag=eloabder-20&linkCode=osi&th=1&psc=1">View Product</a></div>




























<div class="product"><a href="https://www.amazon.com/dp/B00VTVE4Z6?tag=eloabder-20&linkCode=osi&th=1&psc=1"><img src="https://m.media-amazon.com/images/I/21Gp9b3ASJL._SL500_.jpg" alt="Product Image"></a><p>Fruit Of The Loom Boys Eversoft Cotton Undershirts, T Shirts & Tank Tops Underwear, T Shirt - Boys - 5 Pack - White, X-Large US</p><p>$9.99</p><a href="https://www.amazon.com/dp/B00VTVE4Z6?tag=eloabder-20&linkCode=osi&th=1&psc=1">View Product</a></div>

<div class="product"><a href="https://www.amazon.com/dp/B07T8C2FGP?tag=eloabder-20&linkCode=osi&th=1&psc=1"><img src="https://m.media-amazon.com/images/I/11REPowhbuL._SL500_.jpg" alt="Product Image"></a><p>Hanes Boys' Tank Undershirt, EcoSmart Cotton Shirt, Multiple Packs Available, White, Small</p><p>$9.00</p><a href="https://www.amazon.com/dp/B07T8C2FGP?tag=eloabder-20&linkCode=osi&th=1&psc=1">View Product</a></div><div class="product"><a href="https://www.amazon.com/dp/B07GLLY1B5?tag=eloabder-20&linkCode=osi&th=1&psc=1"><img src="https://m.media-amazon.com/images/I/21jImswBMOL._SL500_.jpg" alt="Product Image"></a><p>Fruit Of The Loom Boys Eversoft Cotton Undershirts, T Shirts & Tank Tops Underwear, Tank - Boys - 10 Pack - White, Small US</p><p>$18.99</p><a href="https://www.amazon.com/dp/B07GLLY1B5?tag=eloabder-20&linkCode=osi&th=1&psc=1">View Product</a></div>

















<div class="product"><a href="https://www.amazon.com/dp/B0CC6T1BXL?tag=eloabder-20&linkCode=osi&th=1&psc=1"><img src="https://m.media-amazon.com/images/I/51QfOhhRTAL._SL500_.jpg" alt="Product Image"></a><p>Hanes Boys' Big Performance Tween Boxer Brief Pack, X-Temp Mesh Underwear, Assorted, 6-Pack, Black/Blue/Green/Grey-6 Pack, X-Large</p><p>$16.13</p><a href="https://www.amazon.com/dp/B0CC6T1BXL?tag=eloabder-20&linkCode=osi&th=1&psc=1">View Product</a></div>
<div class="product"><a href="https://www.amazon.com/dp/B0CC6VPJ9T?tag=eloabder-20&linkCode=osi&th=1&psc=1"><img src="https://m.media-amazon.com/images/I/51QfOhhRTAL._SL500_.jpg" alt="Product Image"></a><p>Hanes Boys' Big Performance Tween Boxer Brief Pack, X-Temp Mesh Underwear, Assorted, Black/Blue/Green/Grey - 6 Pack, Small</p><p>$15.29</p><a href="https://www.amazon.com/dp/B0CC6VPJ9T?tag=eloabder-20&linkCode=osi&th=1&psc=1">View Product</a></div><div class="product"><a href="https://www.amazon.com/dp/B0BHX9MGTV?tag=eloabder-20&linkCode=osi&th=1&psc=1"><img src="https://m.media-amazon.com/images/I/41xmYCCb5TL._SL500_.jpg" alt="Product Image"></a><p>Hanes Men's Boys Boxer Briefs Pack, Cool Comfort Tagless Underwear, 7-Pack, Assorted, Large</p><p>$13.00</p><a href="https://www.amazon.com/dp/B0BHX9MGTV?tag=eloabder-20&linkCode=osi&th=1&psc=1">View Product</a></div><div class="product"><a href="https://www.amazon.com/dp/B071JVXMBW?tag=eloabder-20&linkCode=osi&th=1&psc=1"><img src="https://m.media-amazon.com/images/I/41dDO730qNL._SL500_.jpg" alt="Product Image"></a><p>Hanes Boys' and Toddler Underwear, Comfort Flex and ComfortSoft Boxer Briefs, Multiple Packs Available, Assorted-7 Pack, Large</p><p>$13.00</p><a href="https://www.amazon.com/dp/B071JVXMBW?tag=eloabder-20&linkCode=osi&th=1&psc=1">View Product</a></div>
<div class="product"><a href="https://www.amazon.com/dp/B0BHX978MW?tag=eloabder-20&linkCode=osi&th=1&psc=1"><img src="https://m.media-amazon.com/images/I/41DVOhGuwJL._SL500_.jpg" alt="Product Image"></a><p>Hanes Boys' and Toddler Underwear, Comfort Flex and ComfortSoft Boxer Briefs, Multiple Packs Available, Solids/Prints Assorted-pack of 10, Large</p><p>$18.49</p><a href="https://www.amazon.com/dp/B0BHX978MW?tag=eloabder-20&linkCode=osi&th=1&psc=1">View Product</a></div>
<div class="product"><a href="https://www.amazon.com/dp/B0BHXBJPZ6?tag=eloabder-20&linkCode=osi&th=1&psc=1"><img src="https://m.media-amazon.com/images/I/41xmYCCb5TL._SL500_.jpg" alt="Product Image"></a><p>Hanes Men's Boys Boxer Briefs Pack, Cool Comfort Tagless Underwear, 7-Pack, Assorted, Small</p><p>$13.00</p><a href="https://www.amazon.com/dp/B0BHXBJPZ6?tag=eloabder-20&linkCode=osi&th=1&psc=1">View Product</a></div><div class="product"><a href="https://www.amazon.com/dp/B07T9FYQS8?tag=eloabder-20&linkCode=osi&th=1&psc=1"><img src="https://m.media-amazon.com/images/I/41hpu+H+4BS._SL500_.jpg" alt="Product Image"></a><p>Hanes Boys' X-Temp Boxer Briefs, Moisture Wicking Breathable Underwear, Tagless, Assorted 6 Pack, Medium</p><p>$14.45</p><a href="https://www.amazon.com/dp/B07T9FYQS8?tag=eloabder-20&linkCode=osi&th=1&psc=1">View Product</a></div>
<div class="product"><a href="https://www.amazon.com/dp/B00S4GMSOI?tag=eloabder-20&linkCode=osi&th=1&psc=1"><img src="https://m.media-amazon.com/images/I/31iFPCkYcTL._SL500_.jpg" alt="Product Image"></a><p>Hanes Boys Socks, Double Tough Cushioned Crew 12-pair Packs Athletic-socks, White/Grey Bottom, Large US</p><p>$9.99</p><a href="https://www.amazon.com/dp/B00S4GMSOI?tag=eloabder-20&linkCode=osi&th=1&psc=1">View Product</a></div>





























<div class="product"><a href="https://www.amazon.com/dp/B00VTVE4Z6?tag=eloabder-20&linkCode=osi&th=1&psc=1"><img src="https://m.media-amazon.com/images/I/21Gp9b3ASJL._SL500_.jpg" alt="Product Image"></a><p>Fruit Of The Loom Boys Eversoft Cotton Undershirts, T Shirts & Tank Tops Underwear, T Shirt - Boys - 5 Pack - White, X-Large US</p><p>$9.99</p><a href="https://www.amazon.com/dp/B00VTVE4Z6?tag=eloabder-20&linkCode=osi&th=1&psc=1">View Product</a></div>

<div class="product"><a href="https://www.amazon.com/dp/B07T8C2FGP?tag=eloabder-20&linkCode=osi&th=1&psc=1"><img src="https://m.media-amazon.com/images/I/11REPowhbuL._SL500_.jpg" alt="Product Image"></a><p>Hanes Boys' Tank Undershirt, EcoSmart Cotton Shirt, Multiple Packs Available, White, Small</p><p>$9.00</p><a href="https://www.amazon.com/dp/B07T8C2FGP?tag=eloabder-20&linkCode=osi&th=1&psc=1">View Product</a></div><div class="product"><a href="https://www.amazon.com/dp/B07GLLY1B5?tag=eloabder-20&linkCode=osi&th=1&psc=1"><img src="https://m.media-amazon.com/images/I/21jImswBMOL._SL500_.jpg" alt="Product Image"></a><p>Fruit Of The Loom Boys Eversoft Cotton Undershirts, T Shirts & Tank Tops Underwear, Tank - Boys - 10 Pack - White, Small US</p><p>$18.99</p><a href="https://www.amazon.com/dp/B07GLLY1B5?tag=eloabder-20&linkCode=osi&th=1&psc=1">View Product</a></div>

















<div class="product"><a href="https://www.amazon.com/dp/B0CC6T1BXL?tag=eloabder-20&linkCode=osi&th=1&psc=1"><img src="https://m.media-amazon.com/images/I/51QfOhhRTAL._SL500_.jpg" alt="Product Image"></a><p>Hanes Boys' Big Performance Tween Boxer Brief Pack, X-Temp Mesh Underwear, Assorted, 6-Pack, Black/Blue/Green/Grey-6 Pack, X-Large</p><p>$16.13</p><a href="https://www.amazon.com/dp/B0CC6T1BXL?tag=eloabder-20&linkCode=osi&th=1&psc=1">View Product</a></div>
<div class="product"><a href="https://www.amazon.com/dp/B0CC6VPJ9T?tag=eloabder-20&linkCode=osi&th=1&psc=1"><img src="https://m.media-amazon.com/images/I/51QfOhhRTAL._SL500_.jpg" alt="Product Image"></a><p>Hanes Boys' Big Performance Tween Boxer Brief Pack, X-Temp Mesh Underwear, Assorted, Black/Blue/Green/Grey - 6 Pack, Small</p><p>$15.29</p><a href="https://www.amazon.com/dp/B0CC6VPJ9T?tag=eloabder-20&linkCode=osi&th=1&psc=1">View Product</a></div><div class="product"><a href="https://www.amazon.com/dp/B0BHX9MGTV?tag=eloabder-20&linkCode=osi&th=1&psc=1"><img src="https://m.media-amazon.com/images/I/41xmYCCb5TL._SL500_.jpg" alt="Product Image"></a><p>Hanes Men's Boys Boxer Briefs Pack, Cool Comfort Tagless Underwear, 7-Pack, Assorted, Large</p><p>$13.00</p><a href="https://www.amazon.com/dp/B0BHX9MGTV?tag=eloabder-20&linkCode=osi&th=1&psc=1">View Product</a></div><div class="product"><a href="https://www.amazon.com/dp/B071JVXMBW?tag=eloabder-20&linkCode=osi&th=1&psc=1"><img src="https://m.media-amazon.com/images/I/41dDO730qNL._SL500_.jpg" alt="Product Image"></a><p>Hanes Boys' and Toddler Underwear, Comfort Flex and ComfortSoft Boxer Briefs, Multiple Packs Available, Assorted-7 Pack, Large</p><p>$13.00</p><a href="https://www.amazon.com/dp/B071JVXMBW?tag=eloabder-20&linkCode=osi&th=1&psc=1">View Product</a></div>
<div class="product"><a href="https://www.amazon.com/dp/B0BHX978MW?tag=eloabder-20&linkCode=osi&th=1&psc=1"><img src="https://m.media-amazon.com/images/I/41DVOhGuwJL._SL500_.jpg" alt="Product Image"></a><p>Hanes Boys' and Toddler Underwear, Comfort Flex and ComfortSoft Boxer Briefs, Multiple Packs Available, Solids/Prints Assorted-pack of 10, Large</p><p>$18.49</p><a href="https://www.amazon.com/dp/B0BHX978MW?tag=eloabder-20&linkCode=osi&th=1&psc=1">View Product</a></div>
<div class="product"><a href="https://www.amazon.com/dp/B0BHXBJPZ6?tag=eloabder-20&linkCode=osi&th=1&psc=1"><img src="https://m.media-amazon.com/images/I/41xmYCCb5TL._SL500_.jpg" alt="Product Image"></a><p>Hanes Men's Boys Boxer Briefs Pack, Cool Comfort Tagless Underwear, 7-Pack, Assorted, Small</p><p>$13.00</p><a href="https://www.amazon.com/dp/B0BHXBJPZ6?tag=eloabder-20&linkCode=osi&th=1&psc=1">View Product</a></div><div class="product"><a href="https://www.amazon.com/dp/B07T9FYQS8?tag=eloabder-20&linkCode=osi&th=1&psc=1"><img src="https://m.media-amazon.com/images/I/41hpu+H+4BS._SL500_.jpg" alt="Product Image"></a><p>Hanes Boys' X-Temp Boxer Briefs, Moisture Wicking Breathable Underwear, Tagless, Assorted 6 Pack, Medium</p><p>$14.45</p><a href="https://www.amazon.com/dp/B07T9FYQS8?tag=eloabder-20&linkCode=osi&th=1&psc=1">View Product</a></div>
<div class="product"><a href="https://www.amazon.com/dp/B00S4GMSOI?tag=eloabder-20&linkCode=osi&th=1&psc=1"><img src="https://m.media-amazon.com/images/I/31iFPCkYcTL._SL500_.jpg" alt="Product Image"></a><p>Hanes Boys Socks, Double Tough Cushioned Crew 12-pair Packs Athletic-socks, White/Grey Bottom, Large US</p><p>$9.99</p><a href="https://www.amazon.com/dp/B00S4GMSOI?tag=eloabder-20&linkCode=osi&th=1&psc=1">View Product</a></div>






























<div class="product"><a href="https://www.amazon.com/dp/B00VTVE4Z6?tag=eloabder-20&linkCode=osi&th=1&psc=1"><img src="https://m.media-amazon.com/images/I/21Gp9b3ASJL._SL500_.jpg" alt="Product Image"></a><p>Fruit Of The Loom Boys Eversoft Cotton Undershirts, T Shirts & Tank Tops Underwear, T Shirt - Boys - 5 Pack - White, X-Large US</p><p>$9.99</p><a href="https://www.amazon.com/dp/B00VTVE4Z6?tag=eloabder-20&linkCode=osi&th=1&psc=1">View Product</a></div>

<div class="product"><a href="https://www.amazon.com/dp/B07T8C2FGP?tag=eloabder-20&linkCode=osi&th=1&psc=1"><img src="https://m.media-amazon.com/images/I/11REPowhbuL._SL500_.jpg" alt="Product Image"></a><p>Hanes Boys' Tank Undershirt, EcoSmart Cotton Shirt, Multiple Packs Available, White, Small</p><p>$9.00</p><a href="https://www.amazon.com/dp/B07T8C2FGP?tag=eloabder-20&linkCode=osi&th=1&psc=1">View Product</a></div><div class="product"><a href="https://www.amazon.com/dp/B07GLLY1B5?tag=eloabder-20&linkCode=osi&th=1&psc=1"><img src="https://m.media-amazon.com/images/I/21jImswBMOL._SL500_.jpg" alt="Product Image"></a><p>Fruit Of The Loom Boys Eversoft Cotton Undershirts, T Shirts & Tank Tops Underwear, Tank - Boys - 10 Pack - White, Small US</p><p>$18.99</p><a href="https://www.amazon.com/dp/B07GLLY1B5?tag=eloabder-20&linkCode=osi&th=1&psc=1">View Product</a></div>

















<div class="product"><a href="https://www.amazon.com/dp/B0CC6T1BXL?tag=eloabder-20&linkCode=osi&th=1&psc=1"><img src="https://m.media-amazon.com/images/I/51QfOhhRTAL._SL500_.jpg" alt="Product Image"></a><p>Hanes Boys' Big Performance Tween Boxer Brief Pack, X-Temp Mesh Underwear, Assorted, 6-Pack, Black/Blue/Green/Grey-6 Pack, X-Large</p><p>$16.13</p><a href="https://www.amazon.com/dp/B0CC6T1BXL?tag=eloabder-20&linkCode=osi&th=1&psc=1">View Product</a></div>
<div class="product"><a href="https://www.amazon.com/dp/B0CC6VPJ9T?tag=eloabder-20&linkCode=osi&th=1&psc=1"><img src="https://m.media-amazon.com/images/I/51QfOhhRTAL._SL500_.jpg" alt="Product Image"></a><p>Hanes Boys' Big Performance Tween Boxer Brief Pack, X-Temp Mesh Underwear, Assorted, Black/Blue/Green/Grey - 6 Pack, Small</p><p>$15.29</p><a href="https://www.amazon.com/dp/B0CC6VPJ9T?tag=eloabder-20&linkCode=osi&th=1&psc=1">View Product</a></div><div class="product"><a href="https://www.amazon.com/dp/B0BHX9MGTV?tag=eloabder-20&linkCode=osi&th=1&psc=1"><img src="https://m.media-amazon.com/images/I/41xmYCCb5TL._SL500_.jpg" alt="Product Image"></a><p>Hanes Men's Boys Boxer Briefs Pack, Cool Comfort Tagless Underwear, 7-Pack, Assorted, Large</p><p>$13.00</p><a href="https://www.amazon.com/dp/B0BHX9MGTV?tag=eloabder-20&linkCode=osi&th=1&psc=1">View Product</a></div><div class="product"><a href="https://www.amazon.com/dp/B071JVXMBW?tag=eloabder-20&linkCode=osi&th=1&psc=1"><img src="https://m.media-amazon.com/images/I/41dDO730qNL._SL500_.jpg" alt="Product Image"></a><p>Hanes Boys' and Toddler Underwear, Comfort Flex and ComfortSoft Boxer Briefs, Multiple Packs Available, Assorted-7 Pack, Large</p><p>$13.00</p><a href="https://www.amazon.com/dp/B071JVXMBW?tag=eloabder-20&linkCode=osi&th=1&psc=1">View Product</a></div>
<div class="product"><a href="https://www.amazon.com/dp/B0BHX978MW?tag=eloabder-20&linkCode=osi&th=1&psc=1"><img src="https://m.media-amazon.com/images/I/41DVOhGuwJL._SL500_.jpg" alt="Product Image"></a><p>Hanes Boys' and Toddler Underwear, Comfort Flex and ComfortSoft Boxer Briefs, Multiple Packs Available, Solids/Prints Assorted-pack of 10, Large</p><p>$18.49</p><a href="https://www.amazon.com/dp/B0BHX978MW?tag=eloabder-20&linkCode=osi&th=1&psc=1">View Product</a></div>
<div class="product"><a href="https://www.amazon.com/dp/B0BHXBJPZ6?tag=eloabder-20&linkCode=osi&th=1&psc=1"><img src="https://m.media-amazon.com/images/I/41xmYCCb5TL._SL500_.jpg" alt="Product Image"></a><p>Hanes Men's Boys Boxer Briefs Pack, Cool Comfort Tagless Underwear, 7-Pack, Assorted, Small</p><p>$13.00</p><a href="https://www.amazon.com/dp/B0BHXBJPZ6?tag=eloabder-20&linkCode=osi&th=1&psc=1">View Product</a></div><div class="product"><a href="https://www.amazon.com/dp/B07T9FYQS8?tag=eloabder-20&linkCode=osi&th=1&psc=1"><img src="https://m.media-amazon.com/images/I/41hpu+H+4BS._SL500_.jpg" alt="Product Image"></a><p>Hanes Boys' X-Temp Boxer Briefs, Moisture Wicking Breathable Underwear, Tagless, Assorted 6 Pack, Medium</p><p>$14.45</p><a href="https://www.amazon.com/dp/B07T9FYQS8?tag=eloabder-20&linkCode=osi&th=1&psc=1">View Product</a></div>
<div class="product"><a href="https://www.amazon.com/dp/B00S4GMSOI?tag=eloabder-20&linkCode=osi&th=1&psc=1"><img src="https://m.media-amazon.com/images/I/31iFPCkYcTL._SL500_.jpg" alt="Product Image"></a><p>Hanes Boys Socks, Double Tough Cushioned Crew 12-pair Packs Athletic-socks, White/Grey Bottom, Large US</p><p>$9.99</p><a href="https://www.amazon.com/dp/B00S4GMSOI?tag=eloabder-20&linkCode=osi&th=1&psc=1">View Product</a></div>































<div class="product"><a href="https://www.amazon.com/dp/B00VTVE4Z6?tag=eloabder-20&linkCode=osi&th=1&psc=1"><img src="https://m.media-amazon.com/images/I/21Gp9b3ASJL._SL500_.jpg" alt="Product Image"></a><p>Fruit Of The Loom Boys Eversoft Cotton Undershirts, T Shirts & Tank Tops Underwear, T Shirt - Boys - 5 Pack - White, X-Large US</p><p>$9.99</p><a href="https://www.amazon.com/dp/B00VTVE4Z6?tag=eloabder-20&linkCode=osi&th=1&psc=1">View Product</a></div>

<div class="product"><a href="https://www.amazon.com/dp/B07T8C2FGP?tag=eloabder-20&linkCode=osi&th=1&psc=1"><img src="https://m.media-amazon.com/images/I/11REPowhbuL._SL500_.jpg" alt="Product Image"></a><p>Hanes Boys' Tank Undershirt, EcoSmart Cotton Shirt, Multiple Packs Available, White, Small</p><p>$9.00</p><a href="https://www.amazon.com/dp/B07T8C2FGP?tag=eloabder-20&linkCode=osi&th=1&psc=1">View Product</a></div><div class="product"><a href="https://www.amazon.com/dp/B07GLLY1B5?tag=eloabder-20&linkCode=osi&th=1&psc=1"><img src="https://m.media-amazon.com/images/I/21jImswBMOL._SL500_.jpg" alt="Product Image"></a><p>Fruit Of The Loom Boys Eversoft Cotton Undershirts, T Shirts & Tank Tops Underwear, Tank - Boys - 10 Pack - White, Small US</p><p>$18.99</p><a href="https://www.amazon.com/dp/B07GLLY1B5?tag=eloabder-20&linkCode=osi&th=1&psc=1">View Product</a></div>

















<div class="product"><a href="https://www.amazon.com/dp/B0CC6T1BXL?tag=eloabder-20&linkCode=osi&th=1&psc=1"><img src="https://m.media-amazon.com/images/I/51QfOhhRTAL._SL500_.jpg" alt="Product Image"></a><p>Hanes Boys' Big Performance Tween Boxer Brief Pack, X-Temp Mesh Underwear, Assorted, 6-Pack, Black/Blue/Green/Grey-6 Pack, X-Large</p><p>$16.13</p><a href="https://www.amazon.com/dp/B0CC6T1BXL?tag=eloabder-20&linkCode=osi&th=1&psc=1">View Product</a></div>
<div class="product"><a href="https://www.amazon.com/dp/B0CC6VPJ9T?tag=eloabder-20&linkCode=osi&th=1&psc=1"><img src="https://m.media-amazon.com/images/I/51QfOhhRTAL._SL500_.jpg" alt="Product Image"></a><p>Hanes Boys' Big Performance Tween Boxer Brief Pack, X-Temp Mesh Underwear, Assorted, Black/Blue/Green/Grey - 6 Pack, Small</p><p>$15.29</p><a href="https://www.amazon.com/dp/B0CC6VPJ9T?tag=eloabder-20&linkCode=osi&th=1&psc=1">View Product</a></div><div class="product"><a href="https://www.amazon.com/dp/B0BHX9MGTV?tag=eloabder-20&linkCode=osi&th=1&psc=1"><img src="https://m.media-amazon.com/images/I/41xmYCCb5TL._SL500_.jpg" alt="Product Image"></a><p>Hanes Men's Boys Boxer Briefs Pack, Cool Comfort Tagless Underwear, 7-Pack, Assorted, Large</p><p>$13.00</p><a href="https://www.amazon.com/dp/B0BHX9MGTV?tag=eloabder-20&linkCode=osi&th=1&psc=1">View Product</a></div><div class="product"><a href="https://www.amazon.com/dp/B071JVXMBW?tag=eloabder-20&linkCode=osi&th=1&psc=1"><img src="https://m.media-amazon.com/images/I/41dDO730qNL._SL500_.jpg" alt="Product Image"></a><p>Hanes Boys' and Toddler Underwear, Comfort Flex and ComfortSoft Boxer Briefs, Multiple Packs Available, Assorted-7 Pack, Large</p><p>$13.00</p><a href="https://www.amazon.com/dp/B071JVXMBW?tag=eloabder-20&linkCode=osi&th=1&psc=1">View Product</a></div>
<div class="product"><a href="https://www.amazon.com/dp/B0BHX978MW?tag=eloabder-20&linkCode=osi&th=1&psc=1"><img src="https://m.media-amazon.com/images/I/41DVOhGuwJL._SL500_.jpg" alt="Product Image"></a><p>Hanes Boys' and Toddler Underwear, Comfort Flex and ComfortSoft Boxer Briefs, Multiple Packs Available, Solids/Prints Assorted-pack of 10, Large</p><p>$18.49</p><a href="https://www.amazon.com/dp/B0BHX978MW?tag=eloabder-20&linkCode=osi&th=1&psc=1">View Product</a></div>
<div class="product"><a href="https://www.amazon.com/dp/B0BHXBJPZ6?tag=eloabder-20&linkCode=osi&th=1&psc=1"><img src="https://m.media-amazon.com/images/I/41xmYCCb5TL._SL500_.jpg" alt="Product Image"></a><p>Hanes Men's Boys Boxer Briefs Pack, Cool Comfort Tagless Underwear, 7-Pack, Assorted, Small</p><p>$13.00</p><a href="https://www.amazon.com/dp/B0BHXBJPZ6?tag=eloabder-20&linkCode=osi&th=1&psc=1">View Product</a></div><div class="product"><a href="https://www.amazon.com/dp/B07T9FYQS8?tag=eloabder-20&linkCode=osi&th=1&psc=1"><img src="https://m.media-amazon.com/images/I/41hpu+H+4BS._SL500_.jpg" alt="Product Image"></a><p>Hanes Boys' X-Temp Boxer Briefs, Moisture Wicking Breathable Underwear, Tagless, Assorted 6 Pack, Medium</p><p>$14.45</p><a href="https://www.amazon.com/dp/B07T9FYQS8?tag=eloabder-20&linkCode=osi&th=1&psc=1">View Product</a></div>
<div class="product"><a href="https://www.amazon.com/dp/B00S4GMSOI?tag=eloabder-20&linkCode=osi&th=1&psc=1"><img src="https://m.media-amazon.com/images/I/31iFPCkYcTL._SL500_.jpg" alt="Product Image"></a><p>Hanes Boys Socks, Double Tough Cushioned Crew 12-pair Packs Athletic-socks, White/Grey Bottom, Large US</p><p>$9.99</p><a href="https://www.amazon.com/dp/B00S4GMSOI?tag=eloabder-20&linkCode=osi&th=1&psc=1">View Product</a></div>
































<div class="product"><a href="https://www.amazon.com/dp/B00VTVE4Z6?tag=eloabder-20&linkCode=osi&th=1&psc=1"><img src="https://m.media-amazon.com/images/I/21Gp9b3ASJL._SL500_.jpg" alt="Product Image"></a><p>Fruit Of The Loom Boys Eversoft Cotton Undershirts, T Shirts & Tank Tops Underwear, T Shirt - Boys - 5 Pack - White, X-Large US</p><p>$9.99</p><a href="https://www.amazon.com/dp/B00VTVE4Z6?tag=eloabder-20&linkCode=osi&th=1&psc=1">View Product</a></div>

<div class="product"><a href="https://www.amazon.com/dp/B07T8C2FGP?tag=eloabder-20&linkCode=osi&th=1&psc=1"><img src="https://m.media-amazon.com/images/I/11REPowhbuL._SL500_.jpg" alt="Product Image"></a><p>Hanes Boys' Tank Undershirt, EcoSmart Cotton Shirt, Multiple Packs Available, White, Small</p><p>$9.00</p><a href="https://www.amazon.com/dp/B07T8C2FGP?tag=eloabder-20&linkCode=osi&th=1&psc=1">View Product</a></div><div class="product"><a href="https://www.amazon.com/dp/B07GLLY1B5?tag=eloabder-20&linkCode=osi&th=1&psc=1"><img src="https://m.media-amazon.com/images/I/21jImswBMOL._SL500_.jpg" alt="Product Image"></a><p>Fruit Of The Loom Boys Eversoft Cotton Undershirts, T Shirts & Tank Tops Underwear, Tank - Boys - 10 Pack - White, Small US</p><p>$18.99</p><a href="https://www.amazon.com/dp/B07GLLY1B5?tag=eloabder-20&linkCode=osi&th=1&psc=1">View Product</a></div>

















<div class="product"><a href="https://www.amazon.com/dp/B0CC6T1BXL?tag=eloabder-20&linkCode=osi&th=1&psc=1"><img src="https://m.media-amazon.com/images/I/51QfOhhRTAL._SL500_.jpg" alt="Product Image"></a><p>Hanes Boys' Big Performance Tween Boxer Brief Pack, X-Temp Mesh Underwear, Assorted, 6-Pack, Black/Blue/Green/Grey-6 Pack, X-Large</p><p>$16.13</p><a href="https://www.amazon.com/dp/B0CC6T1BXL?tag=eloabder-20&linkCode=osi&th=1&psc=1">View Product</a></div>
<div class="product"><a href="https://www.amazon.com/dp/B0CC6VPJ9T?tag=eloabder-20&linkCode=osi&th=1&psc=1"><img src="https://m.media-amazon.com/images/I/51QfOhhRTAL._SL500_.jpg" alt="Product Image"></a><p>Hanes Boys' Big Performance Tween Boxer Brief Pack, X-Temp Mesh Underwear, Assorted, Black/Blue/Green/Grey - 6 Pack, Small</p><p>$15.29</p><a href="https://www.amazon.com/dp/B0CC6VPJ9T?tag=eloabder-20&linkCode=osi&th=1&psc=1">View Product</a></div><div class="product"><a href="https://www.amazon.com/dp/B0BHX9MGTV?tag=eloabder-20&linkCode=osi&th=1&psc=1"><img src="https://m.media-amazon.com/images/I/41xmYCCb5TL._SL500_.jpg" alt="Product Image"></a><p>Hanes Men's Boys Boxer Briefs Pack, Cool Comfort Tagless Underwear, 7-Pack, Assorted, Large</p><p>$13.00</p><a href="https://www.amazon.com/dp/B0BHX9MGTV?tag=eloabder-20&linkCode=osi&th=1&psc=1">View Product</a></div><div class="product"><a href="https://www.amazon.com/dp/B071JVXMBW?tag=eloabder-20&linkCode=osi&th=1&psc=1"><img src="https://m.media-amazon.com/images/I/41dDO730qNL._SL500_.jpg" alt="Product Image"></a><p>Hanes Boys' and Toddler Underwear, Comfort Flex and ComfortSoft Boxer Briefs, Multiple Packs Available, Assorted-7 Pack, Large</p><p>$13.00</p><a href="https://www.amazon.com/dp/B071JVXMBW?tag=eloabder-20&linkCode=osi&th=1&psc=1">View Product</a></div>
<div class="product"><a href="https://www.amazon.com/dp/B0BHX978MW?tag=eloabder-20&linkCode=osi&th=1&psc=1"><img src="https://m.media-amazon.com/images/I/41DVOhGuwJL._SL500_.jpg" alt="Product Image"></a><p>Hanes Boys' and Toddler Underwear, Comfort Flex and ComfortSoft Boxer Briefs, Multiple Packs Available, Solids/Prints Assorted-pack of 10, Large</p><p>$18.49</p><a href="https://www.amazon.com/dp/B0BHX978MW?tag=eloabder-20&linkCode=osi&th=1&psc=1">View Product</a></div>
<div class="product"><a href="https://www.amazon.com/dp/B0BHXBJPZ6?tag=eloabder-20&linkCode=osi&th=1&psc=1"><img src="https://m.media-amazon.com/images/I/41xmYCCb5TL._SL500_.jpg" alt="Product Image"></a><p>Hanes Men's Boys Boxer Briefs Pack, Cool Comfort Tagless Underwear, 7-Pack, Assorted, Small</p><p>$13.00</p><a href="https://www.amazon.com/dp/B0BHXBJPZ6?tag=eloabder-20&linkCode=osi&th=1&psc=1">View Product</a></div><div class="product"><a href="https://www.amazon.com/dp/B07T9FYQS8?tag=eloabder-20&linkCode=osi&th=1&psc=1"><img src="https://m.media-amazon.com/images/I/41hpu+H+4BS._SL500_.jpg" alt="Product Image"></a><p>Hanes Boys' X-Temp Boxer Briefs, Moisture Wicking Breathable Underwear, Tagless, Assorted 6 Pack, Medium</p><p>$14.45</p><a href="https://www.amazon.com/dp/B07T9FYQS8?tag=eloabder-20&linkCode=osi&th=1&psc=1">View Product</a></div>
<div class="product"><a href="https://www.amazon.com/dp/B00S4GMSOI?tag=eloabder-20&linkCode=osi&th=1&psc=1"><img src="https://m.media-amazon.com/images/I/31iFPCkYcTL._SL500_.jpg" alt="Product Image"></a><p>Hanes Boys Socks, Double Tough Cushioned Crew 12-pair Packs Athletic-socks, White/Grey Bottom, Large US</p><p>$9.99</p><a href="https://www.amazon.com/dp/B00S4GMSOI?tag=eloabder-20&linkCode=osi&th=1&psc=1">View Product</a></div>

































<div class="product"><a href="https://www.amazon.com/dp/B00VTVE4Z6?tag=eloabder-20&linkCode=osi&th=1&psc=1"><img src="https://m.media-amazon.com/images/I/21Gp9b3ASJL._SL500_.jpg" alt="Product Image"></a><p>Fruit Of The Loom Boys Eversoft Cotton Undershirts, T Shirts & Tank Tops Underwear, T Shirt - Boys - 5 Pack - White, X-Large US</p><p>$9.99</p><a href="https://www.amazon.com/dp/B00VTVE4Z6?tag=eloabder-20&linkCode=osi&th=1&psc=1">View Product</a></div>

<div class="product"><a href="https://www.amazon.com/dp/B07T8C2FGP?tag=eloabder-20&linkCode=osi&th=1&psc=1"><img src="https://m.media-amazon.com/images/I/11REPowhbuL._SL500_.jpg" alt="Product Image"></a><p>Hanes Boys' Tank Undershirt, EcoSmart Cotton Shirt, Multiple Packs Available, White, Small</p><p>$9.00</p><a href="https://www.amazon.com/dp/B07T8C2FGP?tag=eloabder-20&linkCode=osi&th=1&psc=1">View Product</a></div><div class="product"><a href="https://www.amazon.com/dp/B07GLLY1B5?tag=eloabder-20&linkCode=osi&th=1&psc=1"><img src="https://m.media-amazon.com/images/I/21jImswBMOL._SL500_.jpg" alt="Product Image"></a><p>Fruit Of The Loom Boys Eversoft Cotton Undershirts, T Shirts & Tank Tops Underwear, Tank - Boys - 10 Pack - White, Small US</p><p>$18.99</p><a href="https://www.amazon.com/dp/B07GLLY1B5?tag=eloabder-20&linkCode=osi&th=1&psc=1">View Product</a></div>

















<div class="product"><a href="https://www.amazon.com/dp/B0CC6T1BXL?tag=eloabder-20&linkCode=osi&th=1&psc=1"><img src="https://m.media-amazon.com/images/I/51QfOhhRTAL._SL500_.jpg" alt="Product Image"></a><p>Hanes Boys' Big Performance Tween Boxer Brief Pack, X-Temp Mesh Underwear, Assorted, 6-Pack, Black/Blue/Green/Grey-6 Pack, X-Large</p><p>$16.13</p><a href="https://www.amazon.com/dp/B0CC6T1BXL?tag=eloabder-20&linkCode=osi&th=1&psc=1">View Product</a></div>
<div class="product"><a href="https://www.amazon.com/dp/B0CC6VPJ9T?tag=eloabder-20&linkCode=osi&th=1&psc=1"><img src="https://m.media-amazon.com/images/I/51QfOhhRTAL._SL500_.jpg" alt="Product Image"></a><p>Hanes Boys' Big Performance Tween Boxer Brief Pack, X-Temp Mesh Underwear, Assorted, Black/Blue/Green/Grey - 6 Pack, Small</p><p>$15.29</p><a href="https://www.amazon.com/dp/B0CC6VPJ9T?tag=eloabder-20&linkCode=osi&th=1&psc=1">View Product</a></div><div class="product"><a href="https://www.amazon.com/dp/B0BHX9MGTV?tag=eloabder-20&linkCode=osi&th=1&psc=1"><img src="https://m.media-amazon.com/images/I/41xmYCCb5TL._SL500_.jpg" alt="Product Image"></a><p>Hanes Men's Boys Boxer Briefs Pack, Cool Comfort Tagless Underwear, 7-Pack, Assorted, Large</p><p>$13.00</p><a href="https://www.amazon.com/dp/B0BHX9MGTV?tag=eloabder-20&linkCode=osi&th=1&psc=1">View Product</a></div><div class="product"><a href="https://www.amazon.com/dp/B071JVXMBW?tag=eloabder-20&linkCode=osi&th=1&psc=1"><img src="https://m.media-amazon.com/images/I/41dDO730qNL._SL500_.jpg" alt="Product Image"></a><p>Hanes Boys' and Toddler Underwear, Comfort Flex and ComfortSoft Boxer Briefs, Multiple Packs Available, Assorted-7 Pack, Large</p><p>$13.00</p><a href="https://www.amazon.com/dp/B071JVXMBW?tag=eloabder-20&linkCode=osi&th=1&psc=1">View Product</a></div>
<div class="product"><a href="https://www.amazon.com/dp/B0BHX978MW?tag=eloabder-20&linkCode=osi&th=1&psc=1"><img src="https://m.media-amazon.com/images/I/41DVOhGuwJL._SL500_.jpg" alt="Product Image"></a><p>Hanes Boys' and Toddler Underwear, Comfort Flex and ComfortSoft Boxer Briefs, Multiple Packs Available, Solids/Prints Assorted-pack of 10, Large</p><p>$18.49</p><a href="https://www.amazon.com/dp/B0BHX978MW?tag=eloabder-20&linkCode=osi&th=1&psc=1">View Product</a></div>
<div class="product"><a href="https://www.amazon.com/dp/B0BHXBJPZ6?tag=eloabder-20&linkCode=osi&th=1&psc=1"><img src="https://m.media-amazon.com/images/I/41xmYCCb5TL._SL500_.jpg" alt="Product Image"></a><p>Hanes Men's Boys Boxer Briefs Pack, Cool Comfort Tagless Underwear, 7-Pack, Assorted, Small</p><p>$13.00</p><a href="https://www.amazon.com/dp/B0BHXBJPZ6?tag=eloabder-20&linkCode=osi&th=1&psc=1">View Product</a></div><div class="product"><a href="https://www.amazon.com/dp/B07T9FYQS8?tag=eloabder-20&linkCode=osi&th=1&psc=1"><img src="https://m.media-amazon.com/images/I/41hpu+H+4BS._SL500_.jpg" alt="Product Image"></a><p>Hanes Boys' X-Temp Boxer Briefs, Moisture Wicking Breathable Underwear, Tagless, Assorted 6 Pack, Medium</p><p>$14.45</p><a href="https://www.amazon.com/dp/B07T9FYQS8?tag=eloabder-20&linkCode=osi&th=1&psc=1">View Product</a></div>
<div class="product"><a href="https://www.amazon.com/dp/B00S4GMSOI?tag=eloabder-20&linkCode=osi&th=1&psc=1"><img src="https://m.media-amazon.com/images/I/31iFPCkYcTL._SL500_.jpg" alt="Product Image"></a><p>Hanes Boys Socks, Double Tough Cushioned Crew 12-pair Packs Athletic-socks, White/Grey Bottom, Large US</p><p>$9.99</p><a href="https://www.amazon.com/dp/B00S4GMSOI?tag=eloabder-20&linkCode=osi&th=1&psc=1">View Product</a></div>


































<div class="product"><a href="https://www.amazon.com/dp/B00VTVE4Z6?tag=eloabder-20&linkCode=osi&th=1&psc=1"><img src="https://m.media-amazon.com/images/I/21Gp9b3ASJL._SL500_.jpg" alt="Product Image"></a><p>Fruit Of The Loom Boys Eversoft Cotton Undershirts, T Shirts & Tank Tops Underwear, T Shirt - Boys - 5 Pack - White, X-Large US</p><p>$9.99</p><a href="https://www.amazon.com/dp/B00VTVE4Z6?tag=eloabder-20&linkCode=osi&th=1&psc=1">View Product</a></div>

<div class="product"><a href="https://www.amazon.com/dp/B07T8C2FGP?tag=eloabder-20&linkCode=osi&th=1&psc=1"><img src="https://m.media-amazon.com/images/I/11REPowhbuL._SL500_.jpg" alt="Product Image"></a><p>Hanes Boys' Tank Undershirt, EcoSmart Cotton Shirt, Multiple Packs Available, White, Small</p><p>$9.00</p><a href="https://www.amazon.com/dp/B07T8C2FGP?tag=eloabder-20&linkCode=osi&th=1&psc=1">View Product</a></div><div class="product"><a href="https://www.amazon.com/dp/B07GLLY1B5?tag=eloabder-20&linkCode=osi&th=1&psc=1"><img src="https://m.media-amazon.com/images/I/21jImswBMOL._SL500_.jpg" alt="Product Image"></a><p>Fruit Of The Loom Boys Eversoft Cotton Undershirts, T Shirts & Tank Tops Underwear, Tank - Boys - 10 Pack - White, Small US</p><p>$18.99</p><a href="https://www.amazon.com/dp/B07GLLY1B5?tag=eloabder-20&linkCode=osi&th=1&psc=1">View Product</a></div>

















<div class="product"><a href="https://www.amazon.com/dp/B0CC6T1BXL?tag=eloabder-20&linkCode=osi&th=1&psc=1"><img src="https://m.media-amazon.com/images/I/51QfOhhRTAL._SL500_.jpg" alt="Product Image"></a><p>Hanes Boys' Big Performance Tween Boxer Brief Pack, X-Temp Mesh Underwear, Assorted, 6-Pack, Black/Blue/Green/Grey-6 Pack, X-Large</p><p>$16.13</p><a href="https://www.amazon.com/dp/B0CC6T1BXL?tag=eloabder-20&linkCode=osi&th=1&psc=1">View Product</a></div>
<div class="product"><a href="https://www.amazon.com/dp/B0CC6VPJ9T?tag=eloabder-20&linkCode=osi&th=1&psc=1"><img src="https://m.media-amazon.com/images/I/51QfOhhRTAL._SL500_.jpg" alt="Product Image"></a><p>Hanes Boys' Big Performance Tween Boxer Brief Pack, X-Temp Mesh Underwear, Assorted, Black/Blue/Green/Grey - 6 Pack, Small</p><p>$15.29</p><a href="https://www.amazon.com/dp/B0CC6VPJ9T?tag=eloabder-20&linkCode=osi&th=1&psc=1">View Product</a></div><div class="product"><a href="https://www.amazon.com/dp/B0BHX9MGTV?tag=eloabder-20&linkCode=osi&th=1&psc=1"><img src="https://m.media-amazon.com/images/I/41xmYCCb5TL._SL500_.jpg" alt="Product Image"></a><p>Hanes Men's Boys Boxer Briefs Pack, Cool Comfort Tagless Underwear, 7-Pack, Assorted, Large</p><p>$13.00</p><a href="https://www.amazon.com/dp/B0BHX9MGTV?tag=eloabder-20&linkCode=osi&th=1&psc=1">View Product</a></div><div class="product"><a href="https://www.amazon.com/dp/B071JVXMBW?tag=eloabder-20&linkCode=osi&th=1&psc=1"><img src="https://m.media-amazon.com/images/I/41dDO730qNL._SL500_.jpg" alt="Product Image"></a><p>Hanes Boys' and Toddler Underwear, Comfort Flex and ComfortSoft Boxer Briefs, Multiple Packs Available, Assorted-7 Pack, Large</p><p>$13.00</p><a href="https://www.amazon.com/dp/B071JVXMBW?tag=eloabder-20&linkCode=osi&th=1&psc=1">View Product</a></div>
<div class="product"><a href="https://www.amazon.com/dp/B0BHX978MW?tag=eloabder-20&linkCode=osi&th=1&psc=1"><img src="https://m.media-amazon.com/images/I/41DVOhGuwJL._SL500_.jpg" alt="Product Image"></a><p>Hanes Boys' and Toddler Underwear, Comfort Flex and ComfortSoft Boxer Briefs, Multiple Packs Available, Solids/Prints Assorted-pack of 10, Large</p><p>$18.49</p><a href="https://www.amazon.com/dp/B0BHX978MW?tag=eloabder-20&linkCode=osi&th=1&psc=1">View Product</a></div>
<div class="product"><a href="https://www.amazon.com/dp/B0BHXBJPZ6?tag=eloabder-20&linkCode=osi&th=1&psc=1"><img src="https://m.media-amazon.com/images/I/41xmYCCb5TL._SL500_.jpg" alt="Product Image"></a><p>Hanes Men's Boys Boxer Briefs Pack, Cool Comfort Tagless Underwear, 7-Pack, Assorted, Small</p><p>$13.00</p><a href="https://www.amazon.com/dp/B0BHXBJPZ6?tag=eloabder-20&linkCode=osi&th=1&psc=1">View Product</a></div><div class="product"><a href="https://www.amazon.com/dp/B07T9FYQS8?tag=eloabder-20&linkCode=osi&th=1&psc=1"><img src="https://m.media-amazon.com/images/I/41hpu+H+4BS._SL500_.jpg" alt="Product Image"></a><p>Hanes Boys' X-Temp Boxer Briefs, Moisture Wicking Breathable Underwear, Tagless, Assorted 6 Pack, Medium</p><p>$14.45</p><a href="https://www.amazon.com/dp/B07T9FYQS8?tag=eloabder-20&linkCode=osi&th=1&psc=1">View Product</a></div>
<div class="product"><a href="https://www.amazon.com/dp/B00S4GMSOI?tag=eloabder-20&linkCode=osi&th=1&psc=1"><img src="https://m.media-amazon.com/images/I/31iFPCkYcTL._SL500_.jpg" alt="Product Image"></a><p>Hanes Boys Socks, Double Tough Cushioned Crew 12-pair Packs Athletic-socks, White/Grey Bottom, Large US</p><p>$9.99</p><a href="https://www.amazon.com/dp/B00S4GMSOI?tag=eloabder-20&linkCode=osi&th=1&psc=1">View Product</a></div>



































<div class="product"><a href="https://www.amazon.com/dp/B00VTVE4Z6?tag=eloabder-20&linkCode=osi&th=1&psc=1"><img src="https://m.media-amazon.com/images/I/21Gp9b3ASJL._SL500_.jpg" alt="Product Image"></a><p>Fruit Of The Loom Boys Eversoft Cotton Undershirts, T Shirts & Tank Tops Underwear, T Shirt - Boys - 5 Pack - White, X-Large US</p><p>$9.99</p><a href="https://www.amazon.com/dp/B00VTVE4Z6?tag=eloabder-20&linkCode=osi&th=1&psc=1">View Product</a></div>

<div class="product"><a href="https://www.amazon.com/dp/B07T8C2FGP?tag=eloabder-20&linkCode=osi&th=1&psc=1"><img src="https://m.media-amazon.com/images/I/11REPowhbuL._SL500_.jpg" alt="Product Image"></a><p>Hanes Boys' Tank Undershirt, EcoSmart Cotton Shirt, Multiple Packs Available, White, Small</p><p>$9.00</p><a href="https://www.amazon.com/dp/B07T8C2FGP?tag=eloabder-20&linkCode=osi&th=1&psc=1">View Product</a></div><div class="product"><a href="https://www.amazon.com/dp/B07GLLY1B5?tag=eloabder-20&linkCode=osi&th=1&psc=1"><img src="https://m.media-amazon.com/images/I/21jImswBMOL._SL500_.jpg" alt="Product Image"></a><p>Fruit Of The Loom Boys Eversoft Cotton Undershirts, T Shirts & Tank Tops Underwear, Tank - Boys - 10 Pack - White, Small US</p><p>$18.99</p><a href="https://www.amazon.com/dp/B07GLLY1B5?tag=eloabder-20&linkCode=osi&th=1&psc=1">View Product</a></div>

















<div class="product"><a href="https://www.amazon.com/dp/B0CC6T1BXL?tag=eloabder-20&linkCode=osi&th=1&psc=1"><img src="https://m.media-amazon.com/images/I/51QfOhhRTAL._SL500_.jpg" alt="Product Image"></a><p>Hanes Boys' Big Performance Tween Boxer Brief Pack, X-Temp Mesh Underwear, Assorted, 6-Pack, Black/Blue/Green/Grey-6 Pack, X-Large</p><p>$16.13</p><a href="https://www.amazon.com/dp/B0CC6T1BXL?tag=eloabder-20&linkCode=osi&th=1&psc=1">View Product</a></div>
<div class="product"><a href="https://www.amazon.com/dp/B0CC6VPJ9T?tag=eloabder-20&linkCode=osi&th=1&psc=1"><img src="https://m.media-amazon.com/images/I/51QfOhhRTAL._SL500_.jpg" alt="Product Image"></a><p>Hanes Boys' Big Performance Tween Boxer Brief Pack, X-Temp Mesh Underwear, Assorted, Black/Blue/Green/Grey - 6 Pack, Small</p><p>$15.29</p><a href="https://www.amazon.com/dp/B0CC6VPJ9T?tag=eloabder-20&linkCode=osi&th=1&psc=1">View Product</a></div><div class="product"><a href="https://www.amazon.com/dp/B0BHX9MGTV?tag=eloabder-20&linkCode=osi&th=1&psc=1"><img src="https://m.media-amazon.com/images/I/41xmYCCb5TL._SL500_.jpg" alt="Product Image"></a><p>Hanes Men's Boys Boxer Briefs Pack, Cool Comfort Tagless Underwear, 7-Pack, Assorted, Large</p><p>$13.00</p><a href="https://www.amazon.com/dp/B0BHX9MGTV?tag=eloabder-20&linkCode=osi&th=1&psc=1">View Product</a></div><div class="product"><a href="https://www.amazon.com/dp/B071JVXMBW?tag=eloabder-20&linkCode=osi&th=1&psc=1"><img src="https://m.media-amazon.com/images/I/41dDO730qNL._SL500_.jpg" alt="Product Image"></a><p>Hanes Boys' and Toddler Underwear, Comfort Flex and ComfortSoft Boxer Briefs, Multiple Packs Available, Assorted-7 Pack, Large</p><p>$13.00</p><a href="https://www.amazon.com/dp/B071JVXMBW?tag=eloabder-20&linkCode=osi&th=1&psc=1">View Product</a></div>
<div class="product"><a href="https://www.amazon.com/dp/B0BHX978MW?tag=eloabder-20&linkCode=osi&th=1&psc=1"><img src="https://m.media-amazon.com/images/I/41DVOhGuwJL._SL500_.jpg" alt="Product Image"></a><p>Hanes Boys' and Toddler Underwear, Comfort Flex and ComfortSoft Boxer Briefs, Multiple Packs Available, Solids/Prints Assorted-pack of 10, Large</p><p>$18.49</p><a href="https://www.amazon.com/dp/B0BHX978MW?tag=eloabder-20&linkCode=osi&th=1&psc=1">View Product</a></div>
<div class="product"><a href="https://www.amazon.com/dp/B0BHXBJPZ6?tag=eloabder-20&linkCode=osi&th=1&psc=1"><img src="https://m.media-amazon.com/images/I/41xmYCCb5TL._SL500_.jpg" alt="Product Image"></a><p>Hanes Men's Boys Boxer Briefs Pack, Cool Comfort Tagless Underwear, 7-Pack, Assorted, Small</p><p>$13.00</p><a href="https://www.amazon.com/dp/B0BHXBJPZ6?tag=eloabder-20&linkCode=osi&th=1&psc=1">View Product</a></div><div class="product"><a href="https://www.amazon.com/dp/B07T9FYQS8?tag=eloabder-20&linkCode=osi&th=1&psc=1"><img src="https://m.media-amazon.com/images/I/41hpu+H+4BS._SL500_.jpg" alt="Product Image"></a><p>Hanes Boys' X-Temp Boxer Briefs, Moisture Wicking Breathable Underwear, Tagless, Assorted 6 Pack, Medium</p><p>$14.45</p><a href="https://www.amazon.com/dp/B07T9FYQS8?tag=eloabder-20&linkCode=osi&th=1&psc=1">View Product</a></div>
<div class="product"><a href="https://www.amazon.com/dp/B00S4GMSOI?tag=eloabder-20&linkCode=osi&th=1&psc=1"><img src="https://m.media-amazon.com/images/I/31iFPCkYcTL._SL500_.jpg" alt="Product Image"></a><p>Hanes Boys Socks, Double Tough Cushioned Crew 12-pair Packs Athletic-socks, White/Grey Bottom, Large US</p><p>$9.99</p><a href="https://www.amazon.com/dp/B00S4GMSOI?tag=eloabder-20&linkCode=osi&th=1&psc=1">View Product</a></div>



























<div class="product"><a href="https://www.amazon.com/dp/B07VWPNFMD?tag=eloabder-20&linkCode=osi&th=1&psc=1"><img src="https://m.media-amazon.com/images/I/41LJTb0eozL._SL500_.jpg" alt="Product Image"></a><p>Under Armour Youth Training Cotton Crew Socks, Multipairs , Black (6-Pairs) , Small</p><p>$17.99</p><a href="https://www.amazon.com/dp/B07VWPNFMD?tag=eloabder-20&linkCode=osi&th=1&psc=1">View Product</a></div>








<div class="product"><a href="https://www.amazon.com/dp/B00VTVE4Z6?tag=eloabder-20&linkCode=osi&th=1&psc=1"><img src="https://m.media-amazon.com/images/I/21Gp9b3ASJL._SL500_.jpg" alt="Product Image"></a><p>Fruit Of The Loom Boys Eversoft Cotton Undershirts, T Shirts & Tank Tops Underwear, T Shirt - Boys - 5 Pack - White, X-Large US</p><p>$9.99</p><a href="https://www.amazon.com/dp/B00VTVE4Z6?tag=eloabder-20&linkCode=osi&th=1&psc=1">View Product</a></div>

<div class="product"><a href="https://www.amazon.com/dp/B07T8C2FGP?tag=eloabder-20&linkCode=osi&th=1&psc=1"><img src="https://m.media-amazon.com/images/I/11REPowhbuL._SL500_.jpg" alt="Product Image"></a><p>Hanes Boys' Tank Undershirt, EcoSmart Cotton Shirt, Multiple Packs Available, White, Small</p><p>$9.00</p><a href="https://www.amazon.com/dp/B07T8C2FGP?tag=eloabder-20&linkCode=osi&th=1&psc=1">View Product</a></div><div class="product"><a href="https://www.amazon.com/dp/B07GLLY1B5?tag=eloabder-20&linkCode=osi&th=1&psc=1"><img src="https://m.media-amazon.com/images/I/21jImswBMOL._SL500_.jpg" alt="Product Image"></a><p>Fruit Of The Loom Boys Eversoft Cotton Undershirts, T Shirts & Tank Tops Underwear, Tank - Boys - 10 Pack - White, Small US</p><p>$18.99</p><a href="https://www.amazon.com/dp/B07GLLY1B5?tag=eloabder-20&linkCode=osi&th=1&psc=1">View Product</a></div>

















<div class="product"><a href="https://www.amazon.com/dp/B0CC6T1BXL?tag=eloabder-20&linkCode=osi&th=1&psc=1"><img src="https://m.media-amazon.com/images/I/51QfOhhRTAL._SL500_.jpg" alt="Product Image"></a><p>Hanes Boys' Big Performance Tween Boxer Brief Pack, X-Temp Mesh Underwear, Assorted, 6-Pack, Black/Blue/Green/Grey-6 Pack, X-Large</p><p>$16.13</p><a href="https://www.amazon.com/dp/B0CC6T1BXL?tag=eloabder-20&linkCode=osi&th=1&psc=1">View Product</a></div>
<div class="product"><a href="https://www.amazon.com/dp/B0CC6VPJ9T?tag=eloabder-20&linkCode=osi&th=1&psc=1"><img src="https://m.media-amazon.com/images/I/51QfOhhRTAL._SL500_.jpg" alt="Product Image"></a><p>Hanes Boys' Big Performance Tween Boxer Brief Pack, X-Temp Mesh Underwear, Assorted, Black/Blue/Green/Grey - 6 Pack, Small</p><p>$15.29</p><a href="https://www.amazon.com/dp/B0CC6VPJ9T?tag=eloabder-20&linkCode=osi&th=1&psc=1">View Product</a></div><div class="product"><a href="https://www.amazon.com/dp/B0BHX9MGTV?tag=eloabder-20&linkCode=osi&th=1&psc=1"><img src="https://m.media-amazon.com/images/I/41xmYCCb5TL._SL500_.jpg" alt="Product Image"></a><p>Hanes Men's Boys Boxer Briefs Pack, Cool Comfort Tagless Underwear, 7-Pack, Assorted, Large</p><p>$13.00</p><a href="https://www.amazon.com/dp/B0BHX9MGTV?tag=eloabder-20&linkCode=osi&th=1&psc=1">View Product</a></div><div class="product"><a href="https://www.amazon.com/dp/B071JVXMBW?tag=eloabder-20&linkCode=osi&th=1&psc=1"><img src="https://m.media-amazon.com/images/I/41dDO730qNL._SL500_.jpg" alt="Product Image"></a><p>Hanes Boys' and Toddler Underwear, Comfort Flex and ComfortSoft Boxer Briefs, Multiple Packs Available, Assorted-7 Pack, Large</p><p>$13.00</p><a href="https://www.amazon.com/dp/B071JVXMBW?tag=eloabder-20&linkCode=osi&th=1&psc=1">View Product</a></div>
<div class="product"><a href="https://www.amazon.com/dp/B0BHX978MW?tag=eloabder-20&linkCode=osi&th=1&psc=1"><img src="https://m.media-amazon.com/images/I/41DVOhGuwJL._SL500_.jpg" alt="Product Image"></a><p>Hanes Boys' and Toddler Underwear, Comfort Flex and ComfortSoft Boxer Briefs, Multiple Packs Available, Solids/Prints Assorted-pack of 10, Large</p><p>$18.49</p><a href="https://www.amazon.com/dp/B0BHX978MW?tag=eloabder-20&linkCode=osi&th=1&psc=1">View Product</a></div>
<div class="product"><a href="https://www.amazon.com/dp/B0BHXBJPZ6?tag=eloabder-20&linkCode=osi&th=1&psc=1"><img src="https://m.media-amazon.com/images/I/41xmYCCb5TL._SL500_.jpg" alt="Product Image"></a><p>Hanes Men's Boys Boxer Briefs Pack, Cool Comfort Tagless Underwear, 7-Pack, Assorted, Small</p><p>$13.00</p><a href="https://www.amazon.com/dp/B0BHXBJPZ6?tag=eloabder-20&linkCode=osi&th=1&psc=1">View Product</a></div><div class="product"><a href="https://www.amazon.com/dp/B07T9FYQS8?tag=eloabder-20&linkCode=osi&th=1&psc=1"><img src="https://m.media-amazon.com/images/I/41hpu+H+4BS._SL500_.jpg" alt="Product Image"></a><p>Hanes Boys' X-Temp Boxer Briefs, Moisture Wicking Breathable Underwear, Tagless, Assorted 6 Pack, Medium</p><p>$14.45</p><a href="https://www.amazon.com/dp/B07T9FYQS8?tag=eloabder-20&linkCode=osi&th=1&psc=1">View Product</a></div>
<div class="product"><a href="https://www.amazon.com/dp/B00S4GMSOI?tag=eloabder-20&linkCode=osi&th=1&psc=1"><img src="https://m.media-amazon.com/images/I/31iFPCkYcTL._SL500_.jpg" alt="Product Image"></a><p>Hanes Boys Socks, Double Tough Cushioned Crew 12-pair Packs Athletic-socks, White/Grey Bottom, Large US</p><p>$9.99</p><a href="https://www.amazon.com/dp/B00S4GMSOI?tag=eloabder-20&linkCode=osi&th=1&psc=1">View Product</a></div>



























<div class="product"><a href="https://www.amazon.com/dp/B07VWPNFMD?tag=eloabder-20&linkCode=osi&th=1&psc=1"><img src="https://m.media-amazon.com/images/I/41LJTb0eozL._SL500_.jpg" alt="Product Image"></a><p>Under Armour Youth Training Cotton Crew Socks, Multipairs , Black (6-Pairs) , Small</p><p>$17.99</p><a href="https://www.amazon.com/dp/B07VWPNFMD?tag=eloabder-20&linkCode=osi&th=1&psc=1">View Product</a></div>
<div class="product"><a href="https://www.amazon.com/dp/B00BXFGBAY?tag=eloabder-20&linkCode=osi&th=1&psc=1"><img src="https://m.media-amazon.com/images/I/31u+gpU4SqL._SL500_.jpg" alt="Product Image"></a><p>PHILIP B. Gentle Conditioning Shampoo 32 oz. (947 ml) | Light-weight Hair Moisturizer, Protecting Color, Adds Softness and Shine</p><p>$115.00 ($3.59 / Fl Oz)</p><a href="https://www.amazon.com/dp/B00BXFGBAY?tag=eloabder-20&linkCode=osi&th=1&psc=1">View Product</a></div>








<div class="product"><a href="https://www.amazon.com/dp/B00VTVE4Z6?tag=eloabder-20&linkCode=osi&th=1&psc=1"><img src="https://m.media-amazon.com/images/I/21Gp9b3ASJL._SL500_.jpg" alt="Product Image"></a><p>Fruit Of The Loom Boys Eversoft Cotton Undershirts, T Shirts & Tank Tops Underwear, T Shirt - Boys - 5 Pack - White, X-Large US</p><p>$9.99</p><a href="https://www.amazon.com/dp/B00VTVE4Z6?tag=eloabder-20&linkCode=osi&th=1&psc=1">View Product</a></div>

<div class="product"><a href="https://www.amazon.com/dp/B07T8C2FGP?tag=eloabder-20&linkCode=osi&th=1&psc=1"><img src="https://m.media-amazon.com/images/I/11REPowhbuL._SL500_.jpg" alt="Product Image"></a><p>Hanes Boys' Tank Undershirt, EcoSmart Cotton Shirt, Multiple Packs Available, White, Small</p><p>$9.00</p><a href="https://www.amazon.com/dp/B07T8C2FGP?tag=eloabder-20&linkCode=osi&th=1&psc=1">View Product</a></div><div class="product"><a href="https://www.amazon.com/dp/B07GLLY1B5?tag=eloabder-20&linkCode=osi&th=1&psc=1"><img src="https://m.media-amazon.com/images/I/21jImswBMOL._SL500_.jpg" alt="Product Image"></a><p>Fruit Of The Loom Boys Eversoft Cotton Undershirts, T Shirts & Tank Tops Underwear, Tank - Boys - 10 Pack - White, Small US</p><p>$18.99</p><a href="https://www.amazon.com/dp/B07GLLY1B5?tag=eloabder-20&linkCode=osi&th=1&psc=1">View Product</a></div>

















<div class="product"><a href="https://www.amazon.com/dp/B0CC6T1BXL?tag=eloabder-20&linkCode=osi&th=1&psc=1"><img src="https://m.media-amazon.com/images/I/51QfOhhRTAL._SL500_.jpg" alt="Product Image"></a><p>Hanes Boys' Big Performance Tween Boxer Brief Pack, X-Temp Mesh Underwear, Assorted, 6-Pack, Black/Blue/Green/Grey-6 Pack, X-Large</p><p>$16.13</p><a href="https://www.amazon.com/dp/B0CC6T1BXL?tag=eloabder-20&linkCode=osi&th=1&psc=1">View Product</a></div>
<div class="product"><a href="https://www.amazon.com/dp/B0CC6VPJ9T?tag=eloabder-20&linkCode=osi&th=1&psc=1"><img src="https://m.media-amazon.com/images/I/51QfOhhRTAL._SL500_.jpg" alt="Product Image"></a><p>Hanes Boys' Big Performance Tween Boxer Brief Pack, X-Temp Mesh Underwear, Assorted, Black/Blue/Green/Grey - 6 Pack, Small</p><p>$15.29</p><a href="https://www.amazon.com/dp/B0CC6VPJ9T?tag=eloabder-20&linkCode=osi&th=1&psc=1">View Product</a></div><div class="product"><a href="https://www.amazon.com/dp/B0BHX9MGTV?tag=eloabder-20&linkCode=osi&th=1&psc=1"><img src="https://m.media-amazon.com/images/I/41xmYCCb5TL._SL500_.jpg" alt="Product Image"></a><p>Hanes Men's Boys Boxer Briefs Pack, Cool Comfort Tagless Underwear, 7-Pack, Assorted, Large</p><p>$13.00</p><a href="https://www.amazon.com/dp/B0BHX9MGTV?tag=eloabder-20&linkCode=osi&th=1&psc=1">View Product</a></div><div class="product"><a href="https://www.amazon.com/dp/B071JVXMBW?tag=eloabder-20&linkCode=osi&th=1&psc=1"><img src="https://m.media-amazon.com/images/I/41dDO730qNL._SL500_.jpg" alt="Product Image"></a><p>Hanes Boys' and Toddler Underwear, Comfort Flex and ComfortSoft Boxer Briefs, Multiple Packs Available, Assorted-7 Pack, Large</p><p>$13.00</p><a href="https://www.amazon.com/dp/B071JVXMBW?tag=eloabder-20&linkCode=osi&th=1&psc=1">View Product</a></div>
<div class="product"><a href="https://www.amazon.com/dp/B0BHX978MW?tag=eloabder-20&linkCode=osi&th=1&psc=1"><img src="https://m.media-amazon.com/images/I/41DVOhGuwJL._SL500_.jpg" alt="Product Image"></a><p>Hanes Boys' and Toddler Underwear, Comfort Flex and ComfortSoft Boxer Briefs, Multiple Packs Available, Solids/Prints Assorted-pack of 10, Large</p><p>$18.49</p><a href="https://www.amazon.com/dp/B0BHX978MW?tag=eloabder-20&linkCode=osi&th=1&psc=1">View Product</a></div>
<div class="product"><a href="https://www.amazon.com/dp/B0BHXBJPZ6?tag=eloabder-20&linkCode=osi&th=1&psc=1"><img src="https://m.media-amazon.com/images/I/41xmYCCb5TL._SL500_.jpg" alt="Product Image"></a><p>Hanes Men's Boys Boxer Briefs Pack, Cool Comfort Tagless Underwear, 7-Pack, Assorted, Small</p><p>$13.00</p><a href="https://www.amazon.com/dp/B0BHXBJPZ6?tag=eloabder-20&linkCode=osi&th=1&psc=1">View Product</a></div><div class="product"><a href="https://www.amazon.com/dp/B07T9FYQS8?tag=eloabder-20&linkCode=osi&th=1&psc=1"><img src="https://m.media-amazon.com/images/I/41hpu+H+4BS._SL500_.jpg" alt="Product Image"></a><p>Hanes Boys' X-Temp Boxer Briefs, Moisture Wicking Breathable Underwear, Tagless, Assorted 6 Pack, Medium</p><p>$14.45</p><a href="https://www.amazon.com/dp/B07T9FYQS8?tag=eloabder-20&linkCode=osi&th=1&psc=1">View Product</a></div>
<div class="product"><a href="https://www.amazon.com/dp/B00S4GMSOI?tag=eloabder-20&linkCode=osi&th=1&psc=1"><img src="https://m.media-amazon.com/images/I/31iFPCkYcTL._SL500_.jpg" alt="Product Image"></a><p>Hanes Boys Socks, Double Tough Cushioned Crew 12-pair Packs Athletic-socks, White/Grey Bottom, Large US</p><p>$9.99</p><a href="https://www.amazon.com/dp/B00S4GMSOI?tag=eloabder-20&linkCode=osi&th=1&psc=1">View Product</a></div>



























<div class="product"><a href="https://www.amazon.com/dp/B07VWPNFMD?tag=eloabder-20&linkCode=osi&th=1&psc=1"><img src="https://m.media-amazon.com/images/I/41LJTb0eozL._SL500_.jpg" alt="Product Image"></a><p>Under Armour Youth Training Cotton Crew Socks, Multipairs , Black (6-Pairs) , Small</p><p>$17.99</p><a href="https://www.amazon.com/dp/B07VWPNFMD?tag=eloabder-20&linkCode=osi&th=1&psc=1">View Product</a></div>
<div class="product"><a href="https://www.amazon.com/dp/B00BXFGBAY?tag=eloabder-20&linkCode=osi&th=1&psc=1"><img src="https://m.media-amazon.com/images/I/31u+gpU4SqL._SL500_.jpg" alt="Product Image"></a><p>PHILIP B. Gentle Conditioning Shampoo 32 oz. (947 ml) | Light-weight Hair Moisturizer, Protecting Color, Adds Softness and Shine</p><p>$115.00 ($3.59 / Fl Oz)</p><a href="https://www.amazon.com/dp/B00BXFGBAY?tag=eloabder-20&linkCode=osi&th=1&psc=1">View Product</a></div>









<div class="product"><a href="https://www.amazon.com/dp/B00VTVE4Z6?tag=eloabder-20&linkCode=osi&th=1&psc=1"><img src="https://m.media-amazon.com/images/I/21Gp9b3ASJL._SL500_.jpg" alt="Product Image"></a><p>Fruit Of The Loom Boys Eversoft Cotton Undershirts, T Shirts & Tank Tops Underwear, T Shirt - Boys - 5 Pack - White, X-Large US</p><p>$9.99</p><a href="https://www.amazon.com/dp/B00VTVE4Z6?tag=eloabder-20&linkCode=osi&th=1&psc=1">View Product</a></div>

<div class="product"><a href="https://www.amazon.com/dp/B07T8C2FGP?tag=eloabder-20&linkCode=osi&th=1&psc=1"><img src="https://m.media-amazon.com/images/I/11REPowhbuL._SL500_.jpg" alt="Product Image"></a><p>Hanes Boys' Tank Undershirt, EcoSmart Cotton Shirt, Multiple Packs Available, White, Small</p><p>$9.00</p><a href="https://www.amazon.com/dp/B07T8C2FGP?tag=eloabder-20&linkCode=osi&th=1&psc=1">View Product</a></div><div class="product"><a href="https://www.amazon.com/dp/B07GLLY1B5?tag=eloabder-20&linkCode=osi&th=1&psc=1"><img src="https://m.media-amazon.com/images/I/21jImswBMOL._SL500_.jpg" alt="Product Image"></a><p>Fruit Of The Loom Boys Eversoft Cotton Undershirts, T Shirts & Tank Tops Underwear, Tank - Boys - 10 Pack - White, Small US</p><p>$18.99</p><a href="https://www.amazon.com/dp/B07GLLY1B5?tag=eloabder-20&linkCode=osi&th=1&psc=1">View Product</a></div>

















<div class="product"><a href="https://www.amazon.com/dp/B0CC6T1BXL?tag=eloabder-20&linkCode=osi&th=1&psc=1"><img src="https://m.media-amazon.com/images/I/51QfOhhRTAL._SL500_.jpg" alt="Product Image"></a><p>Hanes Boys' Big Performance Tween Boxer Brief Pack, X-Temp Mesh Underwear, Assorted, 6-Pack, Black/Blue/Green/Grey-6 Pack, X-Large</p><p>$16.13</p><a href="https://www.amazon.com/dp/B0CC6T1BXL?tag=eloabder-20&linkCode=osi&th=1&psc=1">View Product</a></div>
<div class="product"><a href="https://www.amazon.com/dp/B0CC6VPJ9T?tag=eloabder-20&linkCode=osi&th=1&psc=1"><img src="https://m.media-amazon.com/images/I/51QfOhhRTAL._SL500_.jpg" alt="Product Image"></a><p>Hanes Boys' Big Performance Tween Boxer Brief Pack, X-Temp Mesh Underwear, Assorted, Black/Blue/Green/Grey - 6 Pack, Small</p><p>$15.29</p><a href="https://www.amazon.com/dp/B0CC6VPJ9T?tag=eloabder-20&linkCode=osi&th=1&psc=1">View Product</a></div><div class="product"><a href="https://www.amazon.com/dp/B0BHX9MGTV?tag=eloabder-20&linkCode=osi&th=1&psc=1"><img src="https://m.media-amazon.com/images/I/41xmYCCb5TL._SL500_.jpg" alt="Product Image"></a><p>Hanes Men's Boys Boxer Briefs Pack, Cool Comfort Tagless Underwear, 7-Pack, Assorted, Large</p><p>$13.00</p><a href="https://www.amazon.com/dp/B0BHX9MGTV?tag=eloabder-20&linkCode=osi&th=1&psc=1">View Product</a></div><div class="product"><a href="https://www.amazon.com/dp/B071JVXMBW?tag=eloabder-20&linkCode=osi&th=1&psc=1"><img src="https://m.media-amazon.com/images/I/41dDO730qNL._SL500_.jpg" alt="Product Image"></a><p>Hanes Boys' and Toddler Underwear, Comfort Flex and ComfortSoft Boxer Briefs, Multiple Packs Available, Assorted-7 Pack, Large</p><p>$13.00</p><a href="https://www.amazon.com/dp/B071JVXMBW?tag=eloabder-20&linkCode=osi&th=1&psc=1">View Product</a></div>
<div class="product"><a href="https://www.amazon.com/dp/B0BHX978MW?tag=eloabder-20&linkCode=osi&th=1&psc=1"><img src="https://m.media-amazon.com/images/I/41DVOhGuwJL._SL500_.jpg" alt="Product Image"></a><p>Hanes Boys' and Toddler Underwear, Comfort Flex and ComfortSoft Boxer Briefs, Multiple Packs Available, Solids/Prints Assorted-pack of 10, Large</p><p>$18.49</p><a href="https://www.amazon.com/dp/B0BHX978MW?tag=eloabder-20&linkCode=osi&th=1&psc=1">View Product</a></div>
<div class="product"><a href="https://www.amazon.com/dp/B0BHXBJPZ6?tag=eloabder-20&linkCode=osi&th=1&psc=1"><img src="https://m.media-amazon.com/images/I/41xmYCCb5TL._SL500_.jpg" alt="Product Image"></a><p>Hanes Men's Boys Boxer Briefs Pack, Cool Comfort Tagless Underwear, 7-Pack, Assorted, Small</p><p>$13.00</p><a href="https://www.amazon.com/dp/B0BHXBJPZ6?tag=eloabder-20&linkCode=osi&th=1&psc=1">View Product</a></div><div class="product"><a href="https://www.amazon.com/dp/B07T9FYQS8?tag=eloabder-20&linkCode=osi&th=1&psc=1"><img src="https://m.media-amazon.com/images/I/41hpu+H+4BS._SL500_.jpg" alt="Product Image"></a><p>Hanes Boys' X-Temp Boxer Briefs, Moisture Wicking Breathable Underwear, Tagless, Assorted 6 Pack, Medium</p><p>$14.45</p><a href="https://www.amazon.com/dp/B07T9FYQS8?tag=eloabder-20&linkCode=osi&th=1&psc=1">View Product</a></div>
<div class="product"><a href="https://www.amazon.com/dp/B00S4GMSOI?tag=eloabder-20&linkCode=osi&th=1&psc=1"><img src="https://m.media-amazon.com/images/I/31iFPCkYcTL._SL500_.jpg" alt="Product Image"></a><p>Hanes Boys Socks, Double Tough Cushioned Crew 12-pair Packs Athletic-socks, White/Grey Bottom, Large US</p><p>$9.99</p><a href="https://www.amazon.com/dp/B00S4GMSOI?tag=eloabder-20&linkCode=osi&th=1&psc=1">View Product</a></div>



























<div class="product"><a href="https://www.amazon.com/dp/B07VWPNFMD?tag=eloabder-20&linkCode=osi&th=1&psc=1"><img src="https://m.media-amazon.com/images/I/41LJTb0eozL._SL500_.jpg" alt="Product Image"></a><p>Under Armour Youth Training Cotton Crew Socks, Multipairs , Black (6-Pairs) , Small</p><p>$17.99</p><a href="https://www.amazon.com/dp/B07VWPNFMD?tag=eloabder-20&linkCode=osi&th=1&psc=1">View Product</a></div>
<div class="product"><a href="https://www.amazon.com/dp/B00BXFGBAY?tag=eloabder-20&linkCode=osi&th=1&psc=1"><img src="https://m.media-amazon.com/images/I/31u+gpU4SqL._SL500_.jpg" alt="Product Image"></a><p>PHILIP B. Gentle Conditioning Shampoo 32 oz. (947 ml) | Light-weight Hair Moisturizer, Protecting Color, Adds Softness and Shine</p><p>$115.00 ($3.59 / Fl Oz)</p><a href="https://www.amazon.com/dp/B00BXFGBAY?tag=eloabder-20&linkCode=osi&th=1&psc=1">View Product</a></div>










<div class="product"><a href="https://www.amazon.com/dp/B00VTVE4Z6?tag=eloabder-20&linkCode=osi&th=1&psc=1"><img src="https://m.media-amazon.com/images/I/21Gp9b3ASJL._SL500_.jpg" alt="Product Image"></a><p>Fruit Of The Loom Boys Eversoft Cotton Undershirts, T Shirts & Tank Tops Underwear, T Shirt - Boys - 5 Pack - White, X-Large US</p><p>$9.99</p><a href="https://www.amazon.com/dp/B00VTVE4Z6?tag=eloabder-20&linkCode=osi&th=1&psc=1">View Product</a></div>

<div class="product"><a href="https://www.amazon.com/dp/B07T8C2FGP?tag=eloabder-20&linkCode=osi&th=1&psc=1"><img src="https://m.media-amazon.com/images/I/11REPowhbuL._SL500_.jpg" alt="Product Image"></a><p>Hanes Boys' Tank Undershirt, EcoSmart Cotton Shirt, Multiple Packs Available, White, Small</p><p>$9.00</p><a href="https://www.amazon.com/dp/B07T8C2FGP?tag=eloabder-20&linkCode=osi&th=1&psc=1">View Product</a></div><div class="product"><a href="https://www.amazon.com/dp/B07GLLY1B5?tag=eloabder-20&linkCode=osi&th=1&psc=1"><img src="https://m.media-amazon.com/images/I/21jImswBMOL._SL500_.jpg" alt="Product Image"></a><p>Fruit Of The Loom Boys Eversoft Cotton Undershirts, T Shirts & Tank Tops Underwear, Tank - Boys - 10 Pack - White, Small US</p><p>$18.99</p><a href="https://www.amazon.com/dp/B07GLLY1B5?tag=eloabder-20&linkCode=osi&th=1&psc=1">View Product</a></div>

















<div class="product"><a href="https://www.amazon.com/dp/B0CC6T1BXL?tag=eloabder-20&linkCode=osi&th=1&psc=1"><img src="https://m.media-amazon.com/images/I/51QfOhhRTAL._SL500_.jpg" alt="Product Image"></a><p>Hanes Boys' Big Performance Tween Boxer Brief Pack, X-Temp Mesh Underwear, Assorted, 6-Pack, Black/Blue/Green/Grey-6 Pack, X-Large</p><p>$16.13</p><a href="https://www.amazon.com/dp/B0CC6T1BXL?tag=eloabder-20&linkCode=osi&th=1&psc=1">View Product</a></div>
<div class="product"><a href="https://www.amazon.com/dp/B0CC6VPJ9T?tag=eloabder-20&linkCode=osi&th=1&psc=1"><img src="https://m.media-amazon.com/images/I/51QfOhhRTAL._SL500_.jpg" alt="Product Image"></a><p>Hanes Boys' Big Performance Tween Boxer Brief Pack, X-Temp Mesh Underwear, Assorted, Black/Blue/Green/Grey - 6 Pack, Small</p><p>$15.29</p><a href="https://www.amazon.com/dp/B0CC6VPJ9T?tag=eloabder-20&linkCode=osi&th=1&psc=1">View Product</a></div><div class="product"><a href="https://www.amazon.com/dp/B0BHX9MGTV?tag=eloabder-20&linkCode=osi&th=1&psc=1"><img src="https://m.media-amazon.com/images/I/41xmYCCb5TL._SL500_.jpg" alt="Product Image"></a><p>Hanes Men's Boys Boxer Briefs Pack, Cool Comfort Tagless Underwear, 7-Pack, Assorted, Large</p><p>$13.00</p><a href="https://www.amazon.com/dp/B0BHX9MGTV?tag=eloabder-20&linkCode=osi&th=1&psc=1">View Product</a></div><div class="product"><a href="https://www.amazon.com/dp/B071JVXMBW?tag=eloabder-20&linkCode=osi&th=1&psc=1"><img src="https://m.media-amazon.com/images/I/41dDO730qNL._SL500_.jpg" alt="Product Image"></a><p>Hanes Boys' and Toddler Underwear, Comfort Flex and ComfortSoft Boxer Briefs, Multiple Packs Available, Assorted-7 Pack, Large</p><p>$13.00</p><a href="https://www.amazon.com/dp/B071JVXMBW?tag=eloabder-20&linkCode=osi&th=1&psc=1">View Product</a></div>
<div class="product"><a href="https://www.amazon.com/dp/B0BHX978MW?tag=eloabder-20&linkCode=osi&th=1&psc=1"><img src="https://m.media-amazon.com/images/I/41DVOhGuwJL._SL500_.jpg" alt="Product Image"></a><p>Hanes Boys' and Toddler Underwear, Comfort Flex and ComfortSoft Boxer Briefs, Multiple Packs Available, Solids/Prints Assorted-pack of 10, Large</p><p>$18.49</p><a href="https://www.amazon.com/dp/B0BHX978MW?tag=eloabder-20&linkCode=osi&th=1&psc=1">View Product</a></div>
<div class="product"><a href="https://www.amazon.com/dp/B0BHXBJPZ6?tag=eloabder-20&linkCode=osi&th=1&psc=1"><img src="https://m.media-amazon.com/images/I/41xmYCCb5TL._SL500_.jpg" alt="Product Image"></a><p>Hanes Men's Boys Boxer Briefs Pack, Cool Comfort Tagless Underwear, 7-Pack, Assorted, Small</p><p>$13.00</p><a href="https://www.amazon.com/dp/B0BHXBJPZ6?tag=eloabder-20&linkCode=osi&th=1&psc=1">View Product</a></div><div class="product"><a href="https://www.amazon.com/dp/B07T9FYQS8?tag=eloabder-20&linkCode=osi&th=1&psc=1"><img src="https://m.media-amazon.com/images/I/41hpu+H+4BS._SL500_.jpg" alt="Product Image"></a><p>Hanes Boys' X-Temp Boxer Briefs, Moisture Wicking Breathable Underwear, Tagless, Assorted 6 Pack, Medium</p><p>$14.45</p><a href="https://www.amazon.com/dp/B07T9FYQS8?tag=eloabder-20&linkCode=osi&th=1&psc=1">View Product</a></div>
<div class="product"><a href="https://www.amazon.com/dp/B00S4GMSOI?tag=eloabder-20&linkCode=osi&th=1&psc=1"><img src="https://m.media-amazon.com/images/I/31iFPCkYcTL._SL500_.jpg" alt="Product Image"></a><p>Hanes Boys Socks, Double Tough Cushioned Crew 12-pair Packs Athletic-socks, White/Grey Bottom, Large US</p><p>$9.99</p><a href="https://www.amazon.com/dp/B00S4GMSOI?tag=eloabder-20&linkCode=osi&th=1&psc=1">View Product</a></div>



























<div class="product"><a href="https://www.amazon.com/dp/B07VWPNFMD?tag=eloabder-20&linkCode=osi&th=1&psc=1"><img src="https://m.media-amazon.com/images/I/41LJTb0eozL._SL500_.jpg" alt="Product Image"></a><p>Under Armour Youth Training Cotton Crew Socks, Multipairs , Black (6-Pairs) , Small</p><p>$17.99</p><a href="https://www.amazon.com/dp/B07VWPNFMD?tag=eloabder-20&linkCode=osi&th=1&psc=1">View Product</a></div>
<div class="product"><a href="https://www.amazon.com/dp/B00BXFGBAY?tag=eloabder-20&linkCode=osi&th=1&psc=1"><img src="https://m.media-amazon.com/images/I/31u+gpU4SqL._SL500_.jpg" alt="Product Image"></a><p>PHILIP B. Gentle Conditioning Shampoo 32 oz. (947 ml) | Light-weight Hair Moisturizer, Protecting Color, Adds Softness and Shine</p><p>$115.00 ($3.59 / Fl Oz)</p><a href="https://www.amazon.com/dp/B00BXFGBAY?tag=eloabder-20&linkCode=osi&th=1&psc=1">View Product</a></div>


<div class="product"><a href="https://www.amazon.com/dp/B07P9RWTVK?tag=eloabder-20&linkCode=osi&th=1&psc=1"><img src="https://m.media-amazon.com/images/I/51UYs9+XaEL._SL500_.jpg" alt="Product Image"></a><p>Cczmfeas Boys Toddler Dinosaur Cotton Underwear Boxer Briefs 6 Pack (6-8 Years, C- 6 Pack) Navy</p><p>$14.99</p><a href="https://www.amazon.com/dp/B07P9RWTVK?tag=eloabder-20&linkCode=osi&th=1&psc=1">View Product</a></div>








<div class="product"><a href="https://www.amazon.com/dp/B00VTVE4Z6?tag=eloabder-20&linkCode=osi&th=1&psc=1"><img src="https://m.media-amazon.com/images/I/21Gp9b3ASJL._SL500_.jpg" alt="Product Image"></a><p>Fruit Of The Loom Boys Eversoft Cotton Undershirts, T Shirts & Tank Tops Underwear, T Shirt - Boys - 5 Pack - White, X-Large US</p><p>$9.99</p><a href="https://www.amazon.com/dp/B00VTVE4Z6?tag=eloabder-20&linkCode=osi&th=1&psc=1">View Product</a></div>

<div class="product"><a href="https://www.amazon.com/dp/B07T8C2FGP?tag=eloabder-20&linkCode=osi&th=1&psc=1"><img src="https://m.media-amazon.com/images/I/11REPowhbuL._SL500_.jpg" alt="Product Image"></a><p>Hanes Boys' Tank Undershirt, EcoSmart Cotton Shirt, Multiple Packs Available, White, Small</p><p>$9.00</p><a href="https://www.amazon.com/dp/B07T8C2FGP?tag=eloabder-20&linkCode=osi&th=1&psc=1">View Product</a></div><div class="product"><a href="https://www.amazon.com/dp/B07GLLY1B5?tag=eloabder-20&linkCode=osi&th=1&psc=1"><img src="https://m.media-amazon.com/images/I/21jImswBMOL._SL500_.jpg" alt="Product Image"></a><p>Fruit Of The Loom Boys Eversoft Cotton Undershirts, T Shirts & Tank Tops Underwear, Tank - Boys - 10 Pack - White, Small US</p><p>$18.99</p><a href="https://www.amazon.com/dp/B07GLLY1B5?tag=eloabder-20&linkCode=osi&th=1&psc=1">View Product</a></div>

















<div class="product"><a href="https://www.amazon.com/dp/B0CC6T1BXL?tag=eloabder-20&linkCode=osi&th=1&psc=1"><img src="https://m.media-amazon.com/images/I/51QfOhhRTAL._SL500_.jpg" alt="Product Image"></a><p>Hanes Boys' Big Performance Tween Boxer Brief Pack, X-Temp Mesh Underwear, Assorted, 6-Pack, Black/Blue/Green/Grey-6 Pack, X-Large</p><p>$16.13</p><a href="https://www.amazon.com/dp/B0CC6T1BXL?tag=eloabder-20&linkCode=osi&th=1&psc=1">View Product</a></div>
<div class="product"><a href="https://www.amazon.com/dp/B0CC6VPJ9T?tag=eloabder-20&linkCode=osi&th=1&psc=1"><img src="https://m.media-amazon.com/images/I/51QfOhhRTAL._SL500_.jpg" alt="Product Image"></a><p>Hanes Boys' Big Performance Tween Boxer Brief Pack, X-Temp Mesh Underwear, Assorted, Black/Blue/Green/Grey - 6 Pack, Small</p><p>$15.29</p><a href="https://www.amazon.com/dp/B0CC6VPJ9T?tag=eloabder-20&linkCode=osi&th=1&psc=1">View Product</a></div><div class="product"><a href="https://www.amazon.com/dp/B0BHX9MGTV?tag=eloabder-20&linkCode=osi&th=1&psc=1"><img src="https://m.media-amazon.com/images/I/41xmYCCb5TL._SL500_.jpg" alt="Product Image"></a><p>Hanes Men's Boys Boxer Briefs Pack, Cool Comfort Tagless Underwear, 7-Pack, Assorted, Large</p><p>$13.00</p><a href="https://www.amazon.com/dp/B0BHX9MGTV?tag=eloabder-20&linkCode=osi&th=1&psc=1">View Product</a></div><div class="product"><a href="https://www.amazon.com/dp/B071JVXMBW?tag=eloabder-20&linkCode=osi&th=1&psc=1"><img src="https://m.media-amazon.com/images/I/41dDO730qNL._SL500_.jpg" alt="Product Image"></a><p>Hanes Boys' and Toddler Underwear, Comfort Flex and ComfortSoft Boxer Briefs, Multiple Packs Available, Assorted-7 Pack, Large</p><p>$13.00</p><a href="https://www.amazon.com/dp/B071JVXMBW?tag=eloabder-20&linkCode=osi&th=1&psc=1">View Product</a></div>
<div class="product"><a href="https://www.amazon.com/dp/B0BHX978MW?tag=eloabder-20&linkCode=osi&th=1&psc=1"><img src="https://m.media-amazon.com/images/I/41DVOhGuwJL._SL500_.jpg" alt="Product Image"></a><p>Hanes Boys' and Toddler Underwear, Comfort Flex and ComfortSoft Boxer Briefs, Multiple Packs Available, Solids/Prints Assorted-pack of 10, Large</p><p>$18.49</p><a href="https://www.amazon.com/dp/B0BHX978MW?tag=eloabder-20&linkCode=osi&th=1&psc=1">View Product</a></div>
<div class="product"><a href="https://www.amazon.com/dp/B0BHXBJPZ6?tag=eloabder-20&linkCode=osi&th=1&psc=1"><img src="https://m.media-amazon.com/images/I/41xmYCCb5TL._SL500_.jpg" alt="Product Image"></a><p>Hanes Men's Boys Boxer Briefs Pack, Cool Comfort Tagless Underwear, 7-Pack, Assorted, Small</p><p>$13.00</p><a href="https://www.amazon.com/dp/B0BHXBJPZ6?tag=eloabder-20&linkCode=osi&th=1&psc=1">View Product</a></div><div class="product"><a href="https://www.amazon.com/dp/B07T9FYQS8?tag=eloabder-20&linkCode=osi&th=1&psc=1"><img src="https://m.media-amazon.com/images/I/41hpu+H+4BS._SL500_.jpg" alt="Product Image"></a><p>Hanes Boys' X-Temp Boxer Briefs, Moisture Wicking Breathable Underwear, Tagless, Assorted 6 Pack, Medium</p><p>$14.45</p><a href="https://www.amazon.com/dp/B07T9FYQS8?tag=eloabder-20&linkCode=osi&th=1&psc=1">View Product</a></div>
<div class="product"><a href="https://www.amazon.com/dp/B00S4GMSOI?tag=eloabder-20&linkCode=osi&th=1&psc=1"><img src="https://m.media-amazon.com/images/I/31iFPCkYcTL._SL500_.jpg" alt="Product Image"></a><p>Hanes Boys Socks, Double Tough Cushioned Crew 12-pair Packs Athletic-socks, White/Grey Bottom, Large US</p><p>$9.99</p><a href="https://www.amazon.com/dp/B00S4GMSOI?tag=eloabder-20&linkCode=osi&th=1&psc=1">View Product</a></div>



























<div class="product"><a href="https://www.amazon.com/dp/B07VWPNFMD?tag=eloabder-20&linkCode=osi&th=1&psc=1"><img src="https://m.media-amazon.com/images/I/41LJTb0eozL._SL500_.jpg" alt="Product Image"></a><p>Under Armour Youth Training Cotton Crew Socks, Multipairs , Black (6-Pairs) , Small</p><p>$17.99</p><a href="https://www.amazon.com/dp/B07VWPNFMD?tag=eloabder-20&linkCode=osi&th=1&psc=1">View Product</a></div>
<div class="product"><a href="https://www.amazon.com/dp/B00BXFGBAY?tag=eloabder-20&linkCode=osi&th=1&psc=1"><img src="https://m.media-amazon.com/images/I/31u+gpU4SqL._SL500_.jpg" alt="Product Image"></a><p>PHILIP B. Gentle Conditioning Shampoo 32 oz. (947 ml) | Light-weight Hair Moisturizer, Protecting Color, Adds Softness and Shine</p><p>$115.00 ($3.59 / Fl Oz)</p><a href="https://www.amazon.com/dp/B00BXFGBAY?tag=eloabder-20&linkCode=osi&th=1&psc=1">View Product</a></div>


<div class="product"><a href="https://www.amazon.com/dp/B07P9RWTVK?tag=eloabder-20&linkCode=osi&th=1&psc=1"><img src="https://m.media-amazon.com/images/I/51UYs9+XaEL._SL500_.jpg" alt="Product Image"></a><p>Cczmfeas Boys Toddler Dinosaur Cotton Underwear Boxer Briefs 6 Pack (6-8 Years, C- 6 Pack) Navy</p><p>$14.99</p><a href="https://www.amazon.com/dp/B07P9RWTVK?tag=eloabder-20&linkCode=osi&th=1&psc=1">View Product</a></div>









<div class="product"><a href="https://www.amazon.com/dp/B00VTVE4Z6?tag=eloabder-20&linkCode=osi&th=1&psc=1"><img src="https://m.media-amazon.com/images/I/21Gp9b3ASJL._SL500_.jpg" alt="Product Image"></a><p>Fruit Of The Loom Boys Eversoft Cotton Undershirts, T Shirts & Tank Tops Underwear, T Shirt - Boys - 5 Pack - White, X-Large US</p><p>$9.99</p><a href="https://www.amazon.com/dp/B00VTVE4Z6?tag=eloabder-20&linkCode=osi&th=1&psc=1">View Product</a></div>

<div class="product"><a href="https://www.amazon.com/dp/B07T8C2FGP?tag=eloabder-20&linkCode=osi&th=1&psc=1"><img src="https://m.media-amazon.com/images/I/11REPowhbuL._SL500_.jpg" alt="Product Image"></a><p>Hanes Boys' Tank Undershirt, EcoSmart Cotton Shirt, Multiple Packs Available, White, Small</p><p>$9.00</p><a href="https://www.amazon.com/dp/B07T8C2FGP?tag=eloabder-20&linkCode=osi&th=1&psc=1">View Product</a></div><div class="product"><a href="https://www.amazon.com/dp/B07GLLY1B5?tag=eloabder-20&linkCode=osi&th=1&psc=1"><img src="https://m.media-amazon.com/images/I/21jImswBMOL._SL500_.jpg" alt="Product Image"></a><p>Fruit Of The Loom Boys Eversoft Cotton Undershirts, T Shirts & Tank Tops Underwear, Tank - Boys - 10 Pack - White, Small US</p><p>$18.99</p><a href="https://www.amazon.com/dp/B07GLLY1B5?tag=eloabder-20&linkCode=osi&th=1&psc=1">View Product</a></div>

















<div class="product"><a href="https://www.amazon.com/dp/B0CC6T1BXL?tag=eloabder-20&linkCode=osi&th=1&psc=1"><img src="https://m.media-amazon.com/images/I/51QfOhhRTAL._SL500_.jpg" alt="Product Image"></a><p>Hanes Boys' Big Performance Tween Boxer Brief Pack, X-Temp Mesh Underwear, Assorted, 6-Pack, Black/Blue/Green/Grey-6 Pack, X-Large</p><p>$16.13</p><a href="https://www.amazon.com/dp/B0CC6T1BXL?tag=eloabder-20&linkCode=osi&th=1&psc=1">View Product</a></div>
<div class="product"><a href="https://www.amazon.com/dp/B0CC6VPJ9T?tag=eloabder-20&linkCode=osi&th=1&psc=1"><img src="https://m.media-amazon.com/images/I/51QfOhhRTAL._SL500_.jpg" alt="Product Image"></a><p>Hanes Boys' Big Performance Tween Boxer Brief Pack, X-Temp Mesh Underwear, Assorted, Black/Blue/Green/Grey - 6 Pack, Small</p><p>$15.29</p><a href="https://www.amazon.com/dp/B0CC6VPJ9T?tag=eloabder-20&linkCode=osi&th=1&psc=1">View Product</a></div><div class="product"><a href="https://www.amazon.com/dp/B0BHX9MGTV?tag=eloabder-20&linkCode=osi&th=1&psc=1"><img src="https://m.media-amazon.com/images/I/41xmYCCb5TL._SL500_.jpg" alt="Product Image"></a><p>Hanes Men's Boys Boxer Briefs Pack, Cool Comfort Tagless Underwear, 7-Pack, Assorted, Large</p><p>$13.00</p><a href="https://www.amazon.com/dp/B0BHX9MGTV?tag=eloabder-20&linkCode=osi&th=1&psc=1">View Product</a></div><div class="product"><a href="https://www.amazon.com/dp/B071JVXMBW?tag=eloabder-20&linkCode=osi&th=1&psc=1"><img src="https://m.media-amazon.com/images/I/41dDO730qNL._SL500_.jpg" alt="Product Image"></a><p>Hanes Boys' and Toddler Underwear, Comfort Flex and ComfortSoft Boxer Briefs, Multiple Packs Available, Assorted-7 Pack, Large</p><p>$13.00</p><a href="https://www.amazon.com/dp/B071JVXMBW?tag=eloabder-20&linkCode=osi&th=1&psc=1">View Product</a></div>
<div class="product"><a href="https://www.amazon.com/dp/B0BHX978MW?tag=eloabder-20&linkCode=osi&th=1&psc=1"><img src="https://m.media-amazon.com/images/I/41DVOhGuwJL._SL500_.jpg" alt="Product Image"></a><p>Hanes Boys' and Toddler Underwear, Comfort Flex and ComfortSoft Boxer Briefs, Multiple Packs Available, Solids/Prints Assorted-pack of 10, Large</p><p>$18.49</p><a href="https://www.amazon.com/dp/B0BHX978MW?tag=eloabder-20&linkCode=osi&th=1&psc=1">View Product</a></div>
<div class="product"><a href="https://www.amazon.com/dp/B0BHXBJPZ6?tag=eloabder-20&linkCode=osi&th=1&psc=1"><img src="https://m.media-amazon.com/images/I/41xmYCCb5TL._SL500_.jpg" alt="Product Image"></a><p>Hanes Men's Boys Boxer Briefs Pack, Cool Comfort Tagless Underwear, 7-Pack, Assorted, Small</p><p>$13.00</p><a href="https://www.amazon.com/dp/B0BHXBJPZ6?tag=eloabder-20&linkCode=osi&th=1&psc=1">View Product</a></div><div class="product"><a href="https://www.amazon.com/dp/B07T9FYQS8?tag=eloabder-20&linkCode=osi&th=1&psc=1"><img src="https://m.media-amazon.com/images/I/41hpu+H+4BS._SL500_.jpg" alt="Product Image"></a><p>Hanes Boys' X-Temp Boxer Briefs, Moisture Wicking Breathable Underwear, Tagless, Assorted 6 Pack, Medium</p><p>$14.45</p><a href="https://www.amazon.com/dp/B07T9FYQS8?tag=eloabder-20&linkCode=osi&th=1&psc=1">View Product</a></div>
<div class="product"><a href="https://www.amazon.com/dp/B00S4GMSOI?tag=eloabder-20&linkCode=osi&th=1&psc=1"><img src="https://m.media-amazon.com/images/I/31iFPCkYcTL._SL500_.jpg" alt="Product Image"></a><p>Hanes Boys Socks, Double Tough Cushioned Crew 12-pair Packs Athletic-socks, White/Grey Bottom, Large US</p><p>$9.99</p><a href="https://www.amazon.com/dp/B00S4GMSOI?tag=eloabder-20&linkCode=osi&th=1&psc=1">View Product</a></div>



























<div class="product"><a href="https://www.amazon.com/dp/B07VWPNFMD?tag=eloabder-20&linkCode=osi&th=1&psc=1"><img src="https://m.media-amazon.com/images/I/41LJTb0eozL._SL500_.jpg" alt="Product Image"></a><p>Under Armour Youth Training Cotton Crew Socks, Multipairs , Black (6-Pairs) , Small</p><p>$17.99</p><a href="https://www.amazon.com/dp/B07VWPNFMD?tag=eloabder-20&linkCode=osi&th=1&psc=1">View Product</a></div>
<div class="product"><a href="https://www.amazon.com/dp/B00BXFGBAY?tag=eloabder-20&linkCode=osi&th=1&psc=1"><img src="https://m.media-amazon.com/images/I/31u+gpU4SqL._SL500_.jpg" alt="Product Image"></a><p>PHILIP B. Gentle Conditioning Shampoo 32 oz. (947 ml) | Light-weight Hair Moisturizer, Protecting Color, Adds Softness and Shine</p><p>$115.00 ($3.59 / Fl Oz)</p><a href="https://www.amazon.com/dp/B00BXFGBAY?tag=eloabder-20&linkCode=osi&th=1&psc=1">View Product</a></div>


<div class="product"><a href="https://www.amazon.com/dp/B07P9RWTVK?tag=eloabder-20&linkCode=osi&th=1&psc=1"><img src="https://m.media-amazon.com/images/I/51UYs9+XaEL._SL500_.jpg" alt="Product Image"></a><p>Cczmfeas Boys Toddler Dinosaur Cotton Underwear Boxer Briefs 6 Pack (6-8 Years, C- 6 Pack) Navy</p><p>$14.99</p><a href="https://www.amazon.com/dp/B07P9RWTVK?tag=eloabder-20&linkCode=osi&th=1&psc=1">View Product</a></div>










<div class="product"><a href="https://www.amazon.com/dp/B00VTVE4Z6?tag=eloabder-20&linkCode=osi&th=1&psc=1"><img src="https://m.media-amazon.com/images/I/21Gp9b3ASJL._SL500_.jpg" alt="Product Image"></a><p>Fruit Of The Loom Boys Eversoft Cotton Undershirts, T Shirts & Tank Tops Underwear, T Shirt - Boys - 5 Pack - White, X-Large US</p><p>$9.99</p><a href="https://www.amazon.com/dp/B00VTVE4Z6?tag=eloabder-20&linkCode=osi&th=1&psc=1">View Product</a></div>

<div class="product"><a href="https://www.amazon.com/dp/B07T8C2FGP?tag=eloabder-20&linkCode=osi&th=1&psc=1"><img src="https://m.media-amazon.com/images/I/11REPowhbuL._SL500_.jpg" alt="Product Image"></a><p>Hanes Boys' Tank Undershirt, EcoSmart Cotton Shirt, Multiple Packs Available, White, Small</p><p>$9.00</p><a href="https://www.amazon.com/dp/B07T8C2FGP?tag=eloabder-20&linkCode=osi&th=1&psc=1">View Product</a></div><div class="product"><a href="https://www.amazon.com/dp/B07GLLY1B5?tag=eloabder-20&linkCode=osi&th=1&psc=1"><img src="https://m.media-amazon.com/images/I/21jImswBMOL._SL500_.jpg" alt="Product Image"></a><p>Fruit Of The Loom Boys Eversoft Cotton Undershirts, T Shirts & Tank Tops Underwear, Tank - Boys - 10 Pack - White, Small US</p><p>$18.99</p><a href="https://www.amazon.com/dp/B07GLLY1B5?tag=eloabder-20&linkCode=osi&th=1&psc=1">View Product</a></div>

















<div class="product"><a href="https://www.amazon.com/dp/B0CC6T1BXL?tag=eloabder-20&linkCode=osi&th=1&psc=1"><img src="https://m.media-amazon.com/images/I/51QfOhhRTAL._SL500_.jpg" alt="Product Image"></a><p>Hanes Boys' Big Performance Tween Boxer Brief Pack, X-Temp Mesh Underwear, Assorted, 6-Pack, Black/Blue/Green/Grey-6 Pack, X-Large</p><p>$16.13</p><a href="https://www.amazon.com/dp/B0CC6T1BXL?tag=eloabder-20&linkCode=osi&th=1&psc=1">View Product</a></div>
<div class="product"><a href="https://www.amazon.com/dp/B0CC6VPJ9T?tag=eloabder-20&linkCode=osi&th=1&psc=1"><img src="https://m.media-amazon.com/images/I/51QfOhhRTAL._SL500_.jpg" alt="Product Image"></a><p>Hanes Boys' Big Performance Tween Boxer Brief Pack, X-Temp Mesh Underwear, Assorted, Black/Blue/Green/Grey - 6 Pack, Small</p><p>$15.29</p><a href="https://www.amazon.com/dp/B0CC6VPJ9T?tag=eloabder-20&linkCode=osi&th=1&psc=1">View Product</a></div><div class="product"><a href="https://www.amazon.com/dp/B0BHX9MGTV?tag=eloabder-20&linkCode=osi&th=1&psc=1"><img src="https://m.media-amazon.com/images/I/41xmYCCb5TL._SL500_.jpg" alt="Product Image"></a><p>Hanes Men's Boys Boxer Briefs Pack, Cool Comfort Tagless Underwear, 7-Pack, Assorted, Large</p><p>$13.00</p><a href="https://www.amazon.com/dp/B0BHX9MGTV?tag=eloabder-20&linkCode=osi&th=1&psc=1">View Product</a></div><div class="product"><a href="https://www.amazon.com/dp/B071JVXMBW?tag=eloabder-20&linkCode=osi&th=1&psc=1"><img src="https://m.media-amazon.com/images/I/41dDO730qNL._SL500_.jpg" alt="Product Image"></a><p>Hanes Boys' and Toddler Underwear, Comfort Flex and ComfortSoft Boxer Briefs, Multiple Packs Available, Assorted-7 Pack, Large</p><p>$13.00</p><a href="https://www.amazon.com/dp/B071JVXMBW?tag=eloabder-20&linkCode=osi&th=1&psc=1">View Product</a></div>
<div class="product"><a href="https://www.amazon.com/dp/B0BHX978MW?tag=eloabder-20&linkCode=osi&th=1&psc=1"><img src="https://m.media-amazon.com/images/I/41DVOhGuwJL._SL500_.jpg" alt="Product Image"></a><p>Hanes Boys' and Toddler Underwear, Comfort Flex and ComfortSoft Boxer Briefs, Multiple Packs Available, Solids/Prints Assorted-pack of 10, Large</p><p>$18.49</p><a href="https://www.amazon.com/dp/B0BHX978MW?tag=eloabder-20&linkCode=osi&th=1&psc=1">View Product</a></div>
<div class="product"><a href="https://www.amazon.com/dp/B0BHXBJPZ6?tag=eloabder-20&linkCode=osi&th=1&psc=1"><img src="https://m.media-amazon.com/images/I/41xmYCCb5TL._SL500_.jpg" alt="Product Image"></a><p>Hanes Men's Boys Boxer Briefs Pack, Cool Comfort Tagless Underwear, 7-Pack, Assorted, Small</p><p>$13.00</p><a href="https://www.amazon.com/dp/B0BHXBJPZ6?tag=eloabder-20&linkCode=osi&th=1&psc=1">View Product</a></div><div class="product"><a href="https://www.amazon.com/dp/B07T9FYQS8?tag=eloabder-20&linkCode=osi&th=1&psc=1"><img src="https://m.media-amazon.com/images/I/41hpu+H+4BS._SL500_.jpg" alt="Product Image"></a><p>Hanes Boys' X-Temp Boxer Briefs, Moisture Wicking Breathable Underwear, Tagless, Assorted 6 Pack, Medium</p><p>$14.45</p><a href="https://www.amazon.com/dp/B07T9FYQS8?tag=eloabder-20&linkCode=osi&th=1&psc=1">View Product</a></div>
<div class="product"><a href="https://www.amazon.com/dp/B00S4GMSOI?tag=eloabder-20&linkCode=osi&th=1&psc=1"><img src="https://m.media-amazon.com/images/I/31iFPCkYcTL._SL500_.jpg" alt="Product Image"></a><p>Hanes Boys Socks, Double Tough Cushioned Crew 12-pair Packs Athletic-socks, White/Grey Bottom, Large US</p><p>$9.99</p><a href="https://www.amazon.com/dp/B00S4GMSOI?tag=eloabder-20&linkCode=osi&th=1&psc=1">View Product</a></div>



























<div class="product"><a href="https://www.amazon.com/dp/B07VWPNFMD?tag=eloabder-20&linkCode=osi&th=1&psc=1"><img src="https://m.media-amazon.com/images/I/41LJTb0eozL._SL500_.jpg" alt="Product Image"></a><p>Under Armour Youth Training Cotton Crew Socks, Multipairs , Black (6-Pairs) , Small</p><p>$17.99</p><a href="https://www.amazon.com/dp/B07VWPNFMD?tag=eloabder-20&linkCode=osi&th=1&psc=1">View Product</a></div>
<div class="product"><a href="https://www.amazon.com/dp/B00BXFGBAY?tag=eloabder-20&linkCode=osi&th=1&psc=1"><img src="https://m.media-amazon.com/images/I/31u+gpU4SqL._SL500_.jpg" alt="Product Image"></a><p>PHILIP B. Gentle Conditioning Shampoo 32 oz. (947 ml) | Light-weight Hair Moisturizer, Protecting Color, Adds Softness and Shine</p><p>$115.00 ($3.59 / Fl Oz)</p><a href="https://www.amazon.com/dp/B00BXFGBAY?tag=eloabder-20&linkCode=osi&th=1&psc=1">View Product</a></div>


<div class="product"><a href="https://www.amazon.com/dp/B07P9RWTVK?tag=eloabder-20&linkCode=osi&th=1&psc=1"><img src="https://m.media-amazon.com/images/I/51UYs9+XaEL._SL500_.jpg" alt="Product Image"></a><p>Cczmfeas Boys Toddler Dinosaur Cotton Underwear Boxer Briefs 6 Pack (6-8 Years, C- 6 Pack) Navy</p><p>$14.99</p><a href="https://www.amazon.com/dp/B07P9RWTVK?tag=eloabder-20&linkCode=osi&th=1&psc=1">View Product</a></div>











<div class="product"><a href="https://www.amazon.com/dp/B00VTVE4Z6?tag=eloabder-20&linkCode=osi&th=1&psc=1"><img src="https://m.media-amazon.com/images/I/21Gp9b3ASJL._SL500_.jpg" alt="Product Image"></a><p>Fruit Of The Loom Boys Eversoft Cotton Undershirts, T Shirts & Tank Tops Underwear, T Shirt - Boys - 5 Pack - White, X-Large US</p><p>$9.99</p><a href="https://www.amazon.com/dp/B00VTVE4Z6?tag=eloabder-20&linkCode=osi&th=1&psc=1">View Product</a></div>

<div class="product"><a href="https://www.amazon.com/dp/B07T8C2FGP?tag=eloabder-20&linkCode=osi&th=1&psc=1"><img src="https://m.media-amazon.com/images/I/11REPowhbuL._SL500_.jpg" alt="Product Image"></a><p>Hanes Boys' Tank Undershirt, EcoSmart Cotton Shirt, Multiple Packs Available, White, Small</p><p>$9.00</p><a href="https://www.amazon.com/dp/B07T8C2FGP?tag=eloabder-20&linkCode=osi&th=1&psc=1">View Product</a></div><div class="product"><a href="https://www.amazon.com/dp/B07GLLY1B5?tag=eloabder-20&linkCode=osi&th=1&psc=1"><img src="https://m.media-amazon.com/images/I/21jImswBMOL._SL500_.jpg" alt="Product Image"></a><p>Fruit Of The Loom Boys Eversoft Cotton Undershirts, T Shirts & Tank Tops Underwear, Tank - Boys - 10 Pack - White, Small US</p><p>$18.99</p><a href="https://www.amazon.com/dp/B07GLLY1B5?tag=eloabder-20&linkCode=osi&th=1&psc=1">View Product</a></div>

















<div class="product"><a href="https://www.amazon.com/dp/B0CC6T1BXL?tag=eloabder-20&linkCode=osi&th=1&psc=1"><img src="https://m.media-amazon.com/images/I/51QfOhhRTAL._SL500_.jpg" alt="Product Image"></a><p>Hanes Boys' Big Performance Tween Boxer Brief Pack, X-Temp Mesh Underwear, Assorted, 6-Pack, Black/Blue/Green/Grey-6 Pack, X-Large</p><p>$16.13</p><a href="https://www.amazon.com/dp/B0CC6T1BXL?tag=eloabder-20&linkCode=osi&th=1&psc=1">View Product</a></div>
<div class="product"><a href="https://www.amazon.com/dp/B0CC6VPJ9T?tag=eloabder-20&linkCode=osi&th=1&psc=1"><img src="https://m.media-amazon.com/images/I/51QfOhhRTAL._SL500_.jpg" alt="Product Image"></a><p>Hanes Boys' Big Performance Tween Boxer Brief Pack, X-Temp Mesh Underwear, Assorted, Black/Blue/Green/Grey - 6 Pack, Small</p><p>$15.29</p><a href="https://www.amazon.com/dp/B0CC6VPJ9T?tag=eloabder-20&linkCode=osi&th=1&psc=1">View Product</a></div><div class="product"><a href="https://www.amazon.com/dp/B0BHX9MGTV?tag=eloabder-20&linkCode=osi&th=1&psc=1"><img src="https://m.media-amazon.com/images/I/41xmYCCb5TL._SL500_.jpg" alt="Product Image"></a><p>Hanes Men's Boys Boxer Briefs Pack, Cool Comfort Tagless Underwear, 7-Pack, Assorted, Large</p><p>$13.00</p><a href="https://www.amazon.com/dp/B0BHX9MGTV?tag=eloabder-20&linkCode=osi&th=1&psc=1">View Product</a></div><div class="product"><a href="https://www.amazon.com/dp/B071JVXMBW?tag=eloabder-20&linkCode=osi&th=1&psc=1"><img src="https://m.media-amazon.com/images/I/41dDO730qNL._SL500_.jpg" alt="Product Image"></a><p>Hanes Boys' and Toddler Underwear, Comfort Flex and ComfortSoft Boxer Briefs, Multiple Packs Available, Assorted-7 Pack, Large</p><p>$13.00</p><a href="https://www.amazon.com/dp/B071JVXMBW?tag=eloabder-20&linkCode=osi&th=1&psc=1">View Product</a></div>
<div class="product"><a href="https://www.amazon.com/dp/B0BHX978MW?tag=eloabder-20&linkCode=osi&th=1&psc=1"><img src="https://m.media-amazon.com/images/I/41DVOhGuwJL._SL500_.jpg" alt="Product Image"></a><p>Hanes Boys' and Toddler Underwear, Comfort Flex and ComfortSoft Boxer Briefs, Multiple Packs Available, Solids/Prints Assorted-pack of 10, Large</p><p>$18.49</p><a href="https://www.amazon.com/dp/B0BHX978MW?tag=eloabder-20&linkCode=osi&th=1&psc=1">View Product</a></div>
<div class="product"><a href="https://www.amazon.com/dp/B0BHXBJPZ6?tag=eloabder-20&linkCode=osi&th=1&psc=1"><img src="https://m.media-amazon.com/images/I/41xmYCCb5TL._SL500_.jpg" alt="Product Image"></a><p>Hanes Men's Boys Boxer Briefs Pack, Cool Comfort Tagless Underwear, 7-Pack, Assorted, Small</p><p>$13.00</p><a href="https://www.amazon.com/dp/B0BHXBJPZ6?tag=eloabder-20&linkCode=osi&th=1&psc=1">View Product</a></div><div class="product"><a href="https://www.amazon.com/dp/B07T9FYQS8?tag=eloabder-20&linkCode=osi&th=1&psc=1"><img src="https://m.media-amazon.com/images/I/41hpu+H+4BS._SL500_.jpg" alt="Product Image"></a><p>Hanes Boys' X-Temp Boxer Briefs, Moisture Wicking Breathable Underwear, Tagless, Assorted 6 Pack, Medium</p><p>$14.45</p><a href="https://www.amazon.com/dp/B07T9FYQS8?tag=eloabder-20&linkCode=osi&th=1&psc=1">View Product</a></div>
<div class="product"><a href="https://www.amazon.com/dp/B00S4GMSOI?tag=eloabder-20&linkCode=osi&th=1&psc=1"><img src="https://m.media-amazon.com/images/I/31iFPCkYcTL._SL500_.jpg" alt="Product Image"></a><p>Hanes Boys Socks, Double Tough Cushioned Crew 12-pair Packs Athletic-socks, White/Grey Bottom, Large US</p><p>$9.99</p><a href="https://www.amazon.com/dp/B00S4GMSOI?tag=eloabder-20&linkCode=osi&th=1&psc=1">View Product</a></div>



























<div class="product"><a href="https://www.amazon.com/dp/B07VWPNFMD?tag=eloabder-20&linkCode=osi&th=1&psc=1"><img src="https://m.media-amazon.com/images/I/41LJTb0eozL._SL500_.jpg" alt="Product Image"></a><p>Under Armour Youth Training Cotton Crew Socks, Multipairs , Black (6-Pairs) , Small</p><p>$17.99</p><a href="https://www.amazon.com/dp/B07VWPNFMD?tag=eloabder-20&linkCode=osi&th=1&psc=1">View Product</a></div>
<div class="product"><a href="https://www.amazon.com/dp/B00BXFGBAY?tag=eloabder-20&linkCode=osi&th=1&psc=1"><img src="https://m.media-amazon.com/images/I/31u+gpU4SqL._SL500_.jpg" alt="Product Image"></a><p>PHILIP B. Gentle Conditioning Shampoo 32 oz. (947 ml) | Light-weight Hair Moisturizer, Protecting Color, Adds Softness and Shine</p><p>$115.00 ($3.59 / Fl Oz)</p><a href="https://www.amazon.com/dp/B00BXFGBAY?tag=eloabder-20&linkCode=osi&th=1&psc=1">View Product</a></div>


<div class="product"><a href="https://www.amazon.com/dp/B07P9RWTVK?tag=eloabder-20&linkCode=osi&th=1&psc=1"><img src="https://m.media-amazon.com/images/I/51UYs9+XaEL._SL500_.jpg" alt="Product Image"></a><p>Cczmfeas Boys Toddler Dinosaur Cotton Underwear Boxer Briefs 6 Pack (6-8 Years, C- 6 Pack) Navy</p><p>$14.99</p><a href="https://www.amazon.com/dp/B07P9RWTVK?tag=eloabder-20&linkCode=osi&th=1&psc=1">View Product</a></div>












<div class="product"><a href="https://www.amazon.com/dp/B00VTVE4Z6?tag=eloabder-20&linkCode=osi&th=1&psc=1"><img src="https://m.media-amazon.com/images/I/21Gp9b3ASJL._SL500_.jpg" alt="Product Image"></a><p>Fruit Of The Loom Boys Eversoft Cotton Undershirts, T Shirts & Tank Tops Underwear, T Shirt - Boys - 5 Pack - White, X-Large US</p><p>$9.99</p><a href="https://www.amazon.com/dp/B00VTVE4Z6?tag=eloabder-20&linkCode=osi&th=1&psc=1">View Product</a></div>

<div class="product"><a href="https://www.amazon.com/dp/B07T8C2FGP?tag=eloabder-20&linkCode=osi&th=1&psc=1"><img src="https://m.media-amazon.com/images/I/11REPowhbuL._SL500_.jpg" alt="Product Image"></a><p>Hanes Boys' Tank Undershirt, EcoSmart Cotton Shirt, Multiple Packs Available, White, Small</p><p>$9.00</p><a href="https://www.amazon.com/dp/B07T8C2FGP?tag=eloabder-20&linkCode=osi&th=1&psc=1">View Product</a></div><div class="product"><a href="https://www.amazon.com/dp/B07GLLY1B5?tag=eloabder-20&linkCode=osi&th=1&psc=1"><img src="https://m.media-amazon.com/images/I/21jImswBMOL._SL500_.jpg" alt="Product Image"></a><p>Fruit Of The Loom Boys Eversoft Cotton Undershirts, T Shirts & Tank Tops Underwear, Tank - Boys - 10 Pack - White, Small US</p><p>$18.99</p><a href="https://www.amazon.com/dp/B07GLLY1B5?tag=eloabder-20&linkCode=osi&th=1&psc=1">View Product</a></div>

















<div class="product"><a href="https://www.amazon.com/dp/B0CC6T1BXL?tag=eloabder-20&linkCode=osi&th=1&psc=1"><img src="https://m.media-amazon.com/images/I/51QfOhhRTAL._SL500_.jpg" alt="Product Image"></a><p>Hanes Boys' Big Performance Tween Boxer Brief Pack, X-Temp Mesh Underwear, Assorted, 6-Pack, Black/Blue/Green/Grey-6 Pack, X-Large</p><p>$16.13</p><a href="https://www.amazon.com/dp/B0CC6T1BXL?tag=eloabder-20&linkCode=osi&th=1&psc=1">View Product</a></div>
<div class="product"><a href="https://www.amazon.com/dp/B0CC6VPJ9T?tag=eloabder-20&linkCode=osi&th=1&psc=1"><img src="https://m.media-amazon.com/images/I/51QfOhhRTAL._SL500_.jpg" alt="Product Image"></a><p>Hanes Boys' Big Performance Tween Boxer Brief Pack, X-Temp Mesh Underwear, Assorted, Black/Blue/Green/Grey - 6 Pack, Small</p><p>$15.29</p><a href="https://www.amazon.com/dp/B0CC6VPJ9T?tag=eloabder-20&linkCode=osi&th=1&psc=1">View Product</a></div><div class="product"><a href="https://www.amazon.com/dp/B0BHX9MGTV?tag=eloabder-20&linkCode=osi&th=1&psc=1"><img src="https://m.media-amazon.com/images/I/41xmYCCb5TL._SL500_.jpg" alt="Product Image"></a><p>Hanes Men's Boys Boxer Briefs Pack, Cool Comfort Tagless Underwear, 7-Pack, Assorted, Large</p><p>$13.00</p><a href="https://www.amazon.com/dp/B0BHX9MGTV?tag=eloabder-20&linkCode=osi&th=1&psc=1">View Product</a></div><div class="product"><a href="https://www.amazon.com/dp/B071JVXMBW?tag=eloabder-20&linkCode=osi&th=1&psc=1"><img src="https://m.media-amazon.com/images/I/41dDO730qNL._SL500_.jpg" alt="Product Image"></a><p>Hanes Boys' and Toddler Underwear, Comfort Flex and ComfortSoft Boxer Briefs, Multiple Packs Available, Assorted-7 Pack, Large</p><p>$13.00</p><a href="https://www.amazon.com/dp/B071JVXMBW?tag=eloabder-20&linkCode=osi&th=1&psc=1">View Product</a></div>
<div class="product"><a href="https://www.amazon.com/dp/B0BHX978MW?tag=eloabder-20&linkCode=osi&th=1&psc=1"><img src="https://m.media-amazon.com/images/I/41DVOhGuwJL._SL500_.jpg" alt="Product Image"></a><p>Hanes Boys' and Toddler Underwear, Comfort Flex and ComfortSoft Boxer Briefs, Multiple Packs Available, Solids/Prints Assorted-pack of 10, Large</p><p>$18.49</p><a href="https://www.amazon.com/dp/B0BHX978MW?tag=eloabder-20&linkCode=osi&th=1&psc=1">View Product</a></div>
<div class="product"><a href="https://www.amazon.com/dp/B0BHXBJPZ6?tag=eloabder-20&linkCode=osi&th=1&psc=1"><img src="https://m.media-amazon.com/images/I/41xmYCCb5TL._SL500_.jpg" alt="Product Image"></a><p>Hanes Men's Boys Boxer Briefs Pack, Cool Comfort Tagless Underwear, 7-Pack, Assorted, Small</p><p>$13.00</p><a href="https://www.amazon.com/dp/B0BHXBJPZ6?tag=eloabder-20&linkCode=osi&th=1&psc=1">View Product</a></div><div class="product"><a href="https://www.amazon.com/dp/B07T9FYQS8?tag=eloabder-20&linkCode=osi&th=1&psc=1"><img src="https://m.media-amazon.com/images/I/41hpu+H+4BS._SL500_.jpg" alt="Product Image"></a><p>Hanes Boys' X-Temp Boxer Briefs, Moisture Wicking Breathable Underwear, Tagless, Assorted 6 Pack, Medium</p><p>$14.45</p><a href="https://www.amazon.com/dp/B07T9FYQS8?tag=eloabder-20&linkCode=osi&th=1&psc=1">View Product</a></div>
<div class="product"><a href="https://www.amazon.com/dp/B00S4GMSOI?tag=eloabder-20&linkCode=osi&th=1&psc=1"><img src="https://m.media-amazon.com/images/I/31iFPCkYcTL._SL500_.jpg" alt="Product Image"></a><p>Hanes Boys Socks, Double Tough Cushioned Crew 12-pair Packs Athletic-socks, White/Grey Bottom, Large US</p><p>$9.99</p><a href="https://www.amazon.com/dp/B00S4GMSOI?tag=eloabder-20&linkCode=osi&th=1&psc=1">View Product</a></div>



























<div class="product"><a href="https://www.amazon.com/dp/B07VWPNFMD?tag=eloabder-20&linkCode=osi&th=1&psc=1"><img src="https://m.media-amazon.com/images/I/41LJTb0eozL._SL500_.jpg" alt="Product Image"></a><p>Under Armour Youth Training Cotton Crew Socks, Multipairs , Black (6-Pairs) , Small</p><p>$17.99</p><a href="https://www.amazon.com/dp/B07VWPNFMD?tag=eloabder-20&linkCode=osi&th=1&psc=1">View Product</a></div>
<div class="product"><a href="https://www.amazon.com/dp/B00BXFGBAY?tag=eloabder-20&linkCode=osi&th=1&psc=1"><img src="https://m.media-amazon.com/images/I/31u+gpU4SqL._SL500_.jpg" alt="Product Image"></a><p>PHILIP B. Gentle Conditioning Shampoo 32 oz. (947 ml) | Light-weight Hair Moisturizer, Protecting Color, Adds Softness and Shine</p><p>$115.00 ($3.59 / Fl Oz)</p><a href="https://www.amazon.com/dp/B00BXFGBAY?tag=eloabder-20&linkCode=osi&th=1&psc=1">View Product</a></div>


<div class="product"><a href="https://www.amazon.com/dp/B07P9RWTVK?tag=eloabder-20&linkCode=osi&th=1&psc=1"><img src="https://m.media-amazon.com/images/I/51UYs9+XaEL._SL500_.jpg" alt="Product Image"></a><p>Cczmfeas Boys Toddler Dinosaur Cotton Underwear Boxer Briefs 6 Pack (6-8 Years, C- 6 Pack) Navy</p><p>$14.99</p><a href="https://www.amazon.com/dp/B07P9RWTVK?tag=eloabder-20&linkCode=osi&th=1&psc=1">View Product</a></div>













<div class="product"><a href="https://www.amazon.com/dp/B00VTVE4Z6?tag=eloabder-20&linkCode=osi&th=1&psc=1"><img src="https://m.media-amazon.com/images/I/21Gp9b3ASJL._SL500_.jpg" alt="Product Image"></a><p>Fruit Of The Loom Boys Eversoft Cotton Undershirts, T Shirts & Tank Tops Underwear, T Shirt - Boys - 5 Pack - White, X-Large US</p><p>$9.99</p><a href="https://www.amazon.com/dp/B00VTVE4Z6?tag=eloabder-20&linkCode=osi&th=1&psc=1">View Product</a></div>

<div class="product"><a href="https://www.amazon.com/dp/B07T8C2FGP?tag=eloabder-20&linkCode=osi&th=1&psc=1"><img src="https://m.media-amazon.com/images/I/11REPowhbuL._SL500_.jpg" alt="Product Image"></a><p>Hanes Boys' Tank Undershirt, EcoSmart Cotton Shirt, Multiple Packs Available, White, Small</p><p>$9.00</p><a href="https://www.amazon.com/dp/B07T8C2FGP?tag=eloabder-20&linkCode=osi&th=1&psc=1">View Product</a></div><div class="product"><a href="https://www.amazon.com/dp/B07GLLY1B5?tag=eloabder-20&linkCode=osi&th=1&psc=1"><img src="https://m.media-amazon.com/images/I/21jImswBMOL._SL500_.jpg" alt="Product Image"></a><p>Fruit Of The Loom Boys Eversoft Cotton Undershirts, T Shirts & Tank Tops Underwear, Tank - Boys - 10 Pack - White, Small US</p><p>$18.99</p><a href="https://www.amazon.com/dp/B07GLLY1B5?tag=eloabder-20&linkCode=osi&th=1&psc=1">View Product</a></div>

















<div class="product"><a href="https://www.amazon.com/dp/B0CC6T1BXL?tag=eloabder-20&linkCode=osi&th=1&psc=1"><img src="https://m.media-amazon.com/images/I/51QfOhhRTAL._SL500_.jpg" alt="Product Image"></a><p>Hanes Boys' Big Performance Tween Boxer Brief Pack, X-Temp Mesh Underwear, Assorted, 6-Pack, Black/Blue/Green/Grey-6 Pack, X-Large</p><p>$16.13</p><a href="https://www.amazon.com/dp/B0CC6T1BXL?tag=eloabder-20&linkCode=osi&th=1&psc=1">View Product</a></div>
<div class="product"><a href="https://www.amazon.com/dp/B0CC6VPJ9T?tag=eloabder-20&linkCode=osi&th=1&psc=1"><img src="https://m.media-amazon.com/images/I/51QfOhhRTAL._SL500_.jpg" alt="Product Image"></a><p>Hanes Boys' Big Performance Tween Boxer Brief Pack, X-Temp Mesh Underwear, Assorted, Black/Blue/Green/Grey - 6 Pack, Small</p><p>$15.29</p><a href="https://www.amazon.com/dp/B0CC6VPJ9T?tag=eloabder-20&linkCode=osi&th=1&psc=1">View Product</a></div><div class="product"><a href="https://www.amazon.com/dp/B0BHX9MGTV?tag=eloabder-20&linkCode=osi&th=1&psc=1"><img src="https://m.media-amazon.com/images/I/41xmYCCb5TL._SL500_.jpg" alt="Product Image"></a><p>Hanes Men's Boys Boxer Briefs Pack, Cool Comfort Tagless Underwear, 7-Pack, Assorted, Large</p><p>$13.00</p><a href="https://www.amazon.com/dp/B0BHX9MGTV?tag=eloabder-20&linkCode=osi&th=1&psc=1">View Product</a></div><div class="product"><a href="https://www.amazon.com/dp/B071JVXMBW?tag=eloabder-20&linkCode=osi&th=1&psc=1"><img src="https://m.media-amazon.com/images/I/41dDO730qNL._SL500_.jpg" alt="Product Image"></a><p>Hanes Boys' and Toddler Underwear, Comfort Flex and ComfortSoft Boxer Briefs, Multiple Packs Available, Assorted-7 Pack, Large</p><p>$13.00</p><a href="https://www.amazon.com/dp/B071JVXMBW?tag=eloabder-20&linkCode=osi&th=1&psc=1">View Product</a></div>
<div class="product"><a href="https://www.amazon.com/dp/B0BHX978MW?tag=eloabder-20&linkCode=osi&th=1&psc=1"><img src="https://m.media-amazon.com/images/I/41DVOhGuwJL._SL500_.jpg" alt="Product Image"></a><p>Hanes Boys' and Toddler Underwear, Comfort Flex and ComfortSoft Boxer Briefs, Multiple Packs Available, Solids/Prints Assorted-pack of 10, Large</p><p>$18.49</p><a href="https://www.amazon.com/dp/B0BHX978MW?tag=eloabder-20&linkCode=osi&th=1&psc=1">View Product</a></div>
<div class="product"><a href="https://www.amazon.com/dp/B0BHXBJPZ6?tag=eloabder-20&linkCode=osi&th=1&psc=1"><img src="https://m.media-amazon.com/images/I/41xmYCCb5TL._SL500_.jpg" alt="Product Image"></a><p>Hanes Men's Boys Boxer Briefs Pack, Cool Comfort Tagless Underwear, 7-Pack, Assorted, Small</p><p>$13.00</p><a href="https://www.amazon.com/dp/B0BHXBJPZ6?tag=eloabder-20&linkCode=osi&th=1&psc=1">View Product</a></div><div class="product"><a href="https://www.amazon.com/dp/B07T9FYQS8?tag=eloabder-20&linkCode=osi&th=1&psc=1"><img src="https://m.media-amazon.com/images/I/41hpu+H+4BS._SL500_.jpg" alt="Product Image"></a><p>Hanes Boys' X-Temp Boxer Briefs, Moisture Wicking Breathable Underwear, Tagless, Assorted 6 Pack, Medium</p><p>$14.45</p><a href="https://www.amazon.com/dp/B07T9FYQS8?tag=eloabder-20&linkCode=osi&th=1&psc=1">View Product</a></div>
<div class="product"><a href="https://www.amazon.com/dp/B00S4GMSOI?tag=eloabder-20&linkCode=osi&th=1&psc=1"><img src="https://m.media-amazon.com/images/I/31iFPCkYcTL._SL500_.jpg" alt="Product Image"></a><p>Hanes Boys Socks, Double Tough Cushioned Crew 12-pair Packs Athletic-socks, White/Grey Bottom, Large US</p><p>$9.99</p><a href="https://www.amazon.com/dp/B00S4GMSOI?tag=eloabder-20&linkCode=osi&th=1&psc=1">View Product</a></div>



























<div class="product"><a href="https://www.amazon.com/dp/B07VWPNFMD?tag=eloabder-20&linkCode=osi&th=1&psc=1"><img src="https://m.media-amazon.com/images/I/41LJTb0eozL._SL500_.jpg" alt="Product Image"></a><p>Under Armour Youth Training Cotton Crew Socks, Multipairs , Black (6-Pairs) , Small</p><p>$17.99</p><a href="https://www.amazon.com/dp/B07VWPNFMD?tag=eloabder-20&linkCode=osi&th=1&psc=1">View Product</a></div>
<div class="product"><a href="https://www.amazon.com/dp/B00BXFGBAY?tag=eloabder-20&linkCode=osi&th=1&psc=1"><img src="https://m.media-amazon.com/images/I/31u+gpU4SqL._SL500_.jpg" alt="Product Image"></a><p>PHILIP B. Gentle Conditioning Shampoo 32 oz. (947 ml) | Light-weight Hair Moisturizer, Protecting Color, Adds Softness and Shine</p><p>$115.00 ($3.59 / Fl Oz)</p><a href="https://www.amazon.com/dp/B00BXFGBAY?tag=eloabder-20&linkCode=osi&th=1&psc=1">View Product</a></div>


<div class="product"><a href="https://www.amazon.com/dp/B07P9RWTVK?tag=eloabder-20&linkCode=osi&th=1&psc=1"><img src="https://m.media-amazon.com/images/I/51UYs9+XaEL._SL500_.jpg" alt="Product Image"></a><p>Cczmfeas Boys Toddler Dinosaur Cotton Underwear Boxer Briefs 6 Pack (6-8 Years, C- 6 Pack) Navy</p><p>$14.99</p><a href="https://www.amazon.com/dp/B07P9RWTVK?tag=eloabder-20&linkCode=osi&th=1&psc=1">View Product</a></div>














<div class="product"><a href="https://www.amazon.com/dp/B00VTVE4Z6?tag=eloabder-20&linkCode=osi&th=1&psc=1"><img src="https://m.media-amazon.com/images/I/21Gp9b3ASJL._SL500_.jpg" alt="Product Image"></a><p>Fruit Of The Loom Boys Eversoft Cotton Undershirts, T Shirts & Tank Tops Underwear, T Shirt - Boys - 5 Pack - White, X-Large US</p><p>$9.99</p><a href="https://www.amazon.com/dp/B00VTVE4Z6?tag=eloabder-20&linkCode=osi&th=1&psc=1">View Product</a></div>

<div class="product"><a href="https://www.amazon.com/dp/B07T8C2FGP?tag=eloabder-20&linkCode=osi&th=1&psc=1"><img src="https://m.media-amazon.com/images/I/11REPowhbuL._SL500_.jpg" alt="Product Image"></a><p>Hanes Boys' Tank Undershirt, EcoSmart Cotton Shirt, Multiple Packs Available, White, Small</p><p>$9.00</p><a href="https://www.amazon.com/dp/B07T8C2FGP?tag=eloabder-20&linkCode=osi&th=1&psc=1">View Product</a></div><div class="product"><a href="https://www.amazon.com/dp/B07GLLY1B5?tag=eloabder-20&linkCode=osi&th=1&psc=1"><img src="https://m.media-amazon.com/images/I/21jImswBMOL._SL500_.jpg" alt="Product Image"></a><p>Fruit Of The Loom Boys Eversoft Cotton Undershirts, T Shirts & Tank Tops Underwear, Tank - Boys - 10 Pack - White, Small US</p><p>$18.99</p><a href="https://www.amazon.com/dp/B07GLLY1B5?tag=eloabder-20&linkCode=osi&th=1&psc=1">View Product</a></div>

















<div class="product"><a href="https://www.amazon.com/dp/B0CC6T1BXL?tag=eloabder-20&linkCode=osi&th=1&psc=1"><img src="https://m.media-amazon.com/images/I/51QfOhhRTAL._SL500_.jpg" alt="Product Image"></a><p>Hanes Boys' Big Performance Tween Boxer Brief Pack, X-Temp Mesh Underwear, Assorted, 6-Pack, Black/Blue/Green/Grey-6 Pack, X-Large</p><p>$16.13</p><a href="https://www.amazon.com/dp/B0CC6T1BXL?tag=eloabder-20&linkCode=osi&th=1&psc=1">View Product</a></div>
<div class="product"><a href="https://www.amazon.com/dp/B0CC6VPJ9T?tag=eloabder-20&linkCode=osi&th=1&psc=1"><img src="https://m.media-amazon.com/images/I/51QfOhhRTAL._SL500_.jpg" alt="Product Image"></a><p>Hanes Boys' Big Performance Tween Boxer Brief Pack, X-Temp Mesh Underwear, Assorted, Black/Blue/Green/Grey - 6 Pack, Small</p><p>$15.29</p><a href="https://www.amazon.com/dp/B0CC6VPJ9T?tag=eloabder-20&linkCode=osi&th=1&psc=1">View Product</a></div><div class="product"><a href="https://www.amazon.com/dp/B0BHX9MGTV?tag=eloabder-20&linkCode=osi&th=1&psc=1"><img src="https://m.media-amazon.com/images/I/41xmYCCb5TL._SL500_.jpg" alt="Product Image"></a><p>Hanes Men's Boys Boxer Briefs Pack, Cool Comfort Tagless Underwear, 7-Pack, Assorted, Large</p><p>$13.00</p><a href="https://www.amazon.com/dp/B0BHX9MGTV?tag=eloabder-20&linkCode=osi&th=1&psc=1">View Product</a></div><div class="product"><a href="https://www.amazon.com/dp/B071JVXMBW?tag=eloabder-20&linkCode=osi&th=1&psc=1"><img src="https://m.media-amazon.com/images/I/41dDO730qNL._SL500_.jpg" alt="Product Image"></a><p>Hanes Boys' and Toddler Underwear, Comfort Flex and ComfortSoft Boxer Briefs, Multiple Packs Available, Assorted-7 Pack, Large</p><p>$13.00</p><a href="https://www.amazon.com/dp/B071JVXMBW?tag=eloabder-20&linkCode=osi&th=1&psc=1">View Product</a></div>
<div class="product"><a href="https://www.amazon.com/dp/B0BHX978MW?tag=eloabder-20&linkCode=osi&th=1&psc=1"><img src="https://m.media-amazon.com/images/I/41DVOhGuwJL._SL500_.jpg" alt="Product Image"></a><p>Hanes Boys' and Toddler Underwear, Comfort Flex and ComfortSoft Boxer Briefs, Multiple Packs Available, Solids/Prints Assorted-pack of 10, Large</p><p>$18.49</p><a href="https://www.amazon.com/dp/B0BHX978MW?tag=eloabder-20&linkCode=osi&th=1&psc=1">View Product</a></div>
<div class="product"><a href="https://www.amazon.com/dp/B0BHXBJPZ6?tag=eloabder-20&linkCode=osi&th=1&psc=1"><img src="https://m.media-amazon.com/images/I/41xmYCCb5TL._SL500_.jpg" alt="Product Image"></a><p>Hanes Men's Boys Boxer Briefs Pack, Cool Comfort Tagless Underwear, 7-Pack, Assorted, Small</p><p>$13.00</p><a href="https://www.amazon.com/dp/B0BHXBJPZ6?tag=eloabder-20&linkCode=osi&th=1&psc=1">View Product</a></div><div class="product"><a href="https://www.amazon.com/dp/B07T9FYQS8?tag=eloabder-20&linkCode=osi&th=1&psc=1"><img src="https://m.media-amazon.com/images/I/41hpu+H+4BS._SL500_.jpg" alt="Product Image"></a><p>Hanes Boys' X-Temp Boxer Briefs, Moisture Wicking Breathable Underwear, Tagless, Assorted 6 Pack, Medium</p><p>$14.45</p><a href="https://www.amazon.com/dp/B07T9FYQS8?tag=eloabder-20&linkCode=osi&th=1&psc=1">View Product</a></div>
<div class="product"><a href="https://www.amazon.com/dp/B00S4GMSOI?tag=eloabder-20&linkCode=osi&th=1&psc=1"><img src="https://m.media-amazon.com/images/I/31iFPCkYcTL._SL500_.jpg" alt="Product Image"></a><p>Hanes Boys Socks, Double Tough Cushioned Crew 12-pair Packs Athletic-socks, White/Grey Bottom, Large US</p><p>$9.99</p><a href="https://www.amazon.com/dp/B00S4GMSOI?tag=eloabder-20&linkCode=osi&th=1&psc=1">View Product</a></div>



























<div class="product"><a href="https://www.amazon.com/dp/B07VWPNFMD?tag=eloabder-20&linkCode=osi&th=1&psc=1"><img src="https://m.media-amazon.com/images/I/41LJTb0eozL._SL500_.jpg" alt="Product Image"></a><p>Under Armour Youth Training Cotton Crew Socks, Multipairs , Black (6-Pairs) , Small</p><p>$17.99</p><a href="https://www.amazon.com/dp/B07VWPNFMD?tag=eloabder-20&linkCode=osi&th=1&psc=1">View Product</a></div>
<div class="product"><a href="https://www.amazon.com/dp/B00BXFGBAY?tag=eloabder-20&linkCode=osi&th=1&psc=1"><img src="https://m.media-amazon.com/images/I/31u+gpU4SqL._SL500_.jpg" alt="Product Image"></a><p>PHILIP B. Gentle Conditioning Shampoo 32 oz. (947 ml) | Light-weight Hair Moisturizer, Protecting Color, Adds Softness and Shine</p><p>$115.00 ($3.59 / Fl Oz)</p><a href="https://www.amazon.com/dp/B00BXFGBAY?tag=eloabder-20&linkCode=osi&th=1&psc=1">View Product</a></div>


<div class="product"><a href="https://www.amazon.com/dp/B07P9RWTVK?tag=eloabder-20&linkCode=osi&th=1&psc=1"><img src="https://m.media-amazon.com/images/I/51UYs9+XaEL._SL500_.jpg" alt="Product Image"></a><p>Cczmfeas Boys Toddler Dinosaur Cotton Underwear Boxer Briefs 6 Pack (6-8 Years, C- 6 Pack) Navy</p><p>$14.99</p><a href="https://www.amazon.com/dp/B07P9RWTVK?tag=eloabder-20&linkCode=osi&th=1&psc=1">View Product</a></div>















<div class="product"><a href="https://www.amazon.com/dp/B00VTVE4Z6?tag=eloabder-20&linkCode=osi&th=1&psc=1"><img src="https://m.media-amazon.com/images/I/21Gp9b3ASJL._SL500_.jpg" alt="Product Image"></a><p>Fruit Of The Loom Boys Eversoft Cotton Undershirts, T Shirts & Tank Tops Underwear, T Shirt - Boys - 5 Pack - White, X-Large US</p><p>$9.99</p><a href="https://www.amazon.com/dp/B00VTVE4Z6?tag=eloabder-20&linkCode=osi&th=1&psc=1">View Product</a></div>

<div class="product"><a href="https://www.amazon.com/dp/B07T8C2FGP?tag=eloabder-20&linkCode=osi&th=1&psc=1"><img src="https://m.media-amazon.com/images/I/11REPowhbuL._SL500_.jpg" alt="Product Image"></a><p>Hanes Boys' Tank Undershirt, EcoSmart Cotton Shirt, Multiple Packs Available, White, Small</p><p>$9.00</p><a href="https://www.amazon.com/dp/B07T8C2FGP?tag=eloabder-20&linkCode=osi&th=1&psc=1">View Product</a></div><div class="product"><a href="https://www.amazon.com/dp/B07GLLY1B5?tag=eloabder-20&linkCode=osi&th=1&psc=1"><img src="https://m.media-amazon.com/images/I/21jImswBMOL._SL500_.jpg" alt="Product Image"></a><p>Fruit Of The Loom Boys Eversoft Cotton Undershirts, T Shirts & Tank Tops Underwear, Tank - Boys - 10 Pack - White, Small US</p><p>$18.99</p><a href="https://www.amazon.com/dp/B07GLLY1B5?tag=eloabder-20&linkCode=osi&th=1&psc=1">View Product</a></div>

















<div class="product"><a href="https://www.amazon.com/dp/B0CC6T1BXL?tag=eloabder-20&linkCode=osi&th=1&psc=1"><img src="https://m.media-amazon.com/images/I/51QfOhhRTAL._SL500_.jpg" alt="Product Image"></a><p>Hanes Boys' Big Performance Tween Boxer Brief Pack, X-Temp Mesh Underwear, Assorted, 6-Pack, Black/Blue/Green/Grey-6 Pack, X-Large</p><p>$16.13</p><a href="https://www.amazon.com/dp/B0CC6T1BXL?tag=eloabder-20&linkCode=osi&th=1&psc=1">View Product</a></div>
<div class="product"><a href="https://www.amazon.com/dp/B0CC6VPJ9T?tag=eloabder-20&linkCode=osi&th=1&psc=1"><img src="https://m.media-amazon.com/images/I/51QfOhhRTAL._SL500_.jpg" alt="Product Image"></a><p>Hanes Boys' Big Performance Tween Boxer Brief Pack, X-Temp Mesh Underwear, Assorted, Black/Blue/Green/Grey - 6 Pack, Small</p><p>$15.29</p><a href="https://www.amazon.com/dp/B0CC6VPJ9T?tag=eloabder-20&linkCode=osi&th=1&psc=1">View Product</a></div><div class="product"><a href="https://www.amazon.com/dp/B0BHX9MGTV?tag=eloabder-20&linkCode=osi&th=1&psc=1"><img src="https://m.media-amazon.com/images/I/41xmYCCb5TL._SL500_.jpg" alt="Product Image"></a><p>Hanes Men's Boys Boxer Briefs Pack, Cool Comfort Tagless Underwear, 7-Pack, Assorted, Large</p><p>$13.00</p><a href="https://www.amazon.com/dp/B0BHX9MGTV?tag=eloabder-20&linkCode=osi&th=1&psc=1">View Product</a></div><div class="product"><a href="https://www.amazon.com/dp/B071JVXMBW?tag=eloabder-20&linkCode=osi&th=1&psc=1"><img src="https://m.media-amazon.com/images/I/41dDO730qNL._SL500_.jpg" alt="Product Image"></a><p>Hanes Boys' and Toddler Underwear, Comfort Flex and ComfortSoft Boxer Briefs, Multiple Packs Available, Assorted-7 Pack, Large</p><p>$13.00</p><a href="https://www.amazon.com/dp/B071JVXMBW?tag=eloabder-20&linkCode=osi&th=1&psc=1">View Product</a></div>
<div class="product"><a href="https://www.amazon.com/dp/B0BHX978MW?tag=eloabder-20&linkCode=osi&th=1&psc=1"><img src="https://m.media-amazon.com/images/I/41DVOhGuwJL._SL500_.jpg" alt="Product Image"></a><p>Hanes Boys' and Toddler Underwear, Comfort Flex and ComfortSoft Boxer Briefs, Multiple Packs Available, Solids/Prints Assorted-pack of 10, Large</p><p>$18.49</p><a href="https://www.amazon.com/dp/B0BHX978MW?tag=eloabder-20&linkCode=osi&th=1&psc=1">View Product</a></div>
<div class="product"><a href="https://www.amazon.com/dp/B0BHXBJPZ6?tag=eloabder-20&linkCode=osi&th=1&psc=1"><img src="https://m.media-amazon.com/images/I/41xmYCCb5TL._SL500_.jpg" alt="Product Image"></a><p>Hanes Men's Boys Boxer Briefs Pack, Cool Comfort Tagless Underwear, 7-Pack, Assorted, Small</p><p>$13.00</p><a href="https://www.amazon.com/dp/B0BHXBJPZ6?tag=eloabder-20&linkCode=osi&th=1&psc=1">View Product</a></div><div class="product"><a href="https://www.amazon.com/dp/B07T9FYQS8?tag=eloabder-20&linkCode=osi&th=1&psc=1"><img src="https://m.media-amazon.com/images/I/41hpu+H+4BS._SL500_.jpg" alt="Product Image"></a><p>Hanes Boys' X-Temp Boxer Briefs, Moisture Wicking Breathable Underwear, Tagless, Assorted 6 Pack, Medium</p><p>$14.45</p><a href="https://www.amazon.com/dp/B07T9FYQS8?tag=eloabder-20&linkCode=osi&th=1&psc=1">View Product</a></div>
<div class="product"><a href="https://www.amazon.com/dp/B00S4GMSOI?tag=eloabder-20&linkCode=osi&th=1&psc=1"><img src="https://m.media-amazon.com/images/I/31iFPCkYcTL._SL500_.jpg" alt="Product Image"></a><p>Hanes Boys Socks, Double Tough Cushioned Crew 12-pair Packs Athletic-socks, White/Grey Bottom, Large US</p><p>$9.99</p><a href="https://www.amazon.com/dp/B00S4GMSOI?tag=eloabder-20&linkCode=osi&th=1&psc=1">View Product</a></div>



























<div class="product"><a href="https://www.amazon.com/dp/B07VWPNFMD?tag=eloabder-20&linkCode=osi&th=1&psc=1"><img src="https://m.media-amazon.com/images/I/41LJTb0eozL._SL500_.jpg" alt="Product Image"></a><p>Under Armour Youth Training Cotton Crew Socks, Multipairs , Black (6-Pairs) , Small</p><p>$17.99</p><a href="https://www.amazon.com/dp/B07VWPNFMD?tag=eloabder-20&linkCode=osi&th=1&psc=1">View Product</a></div>
<div class="product"><a href="https://www.amazon.com/dp/B00BXFGBAY?tag=eloabder-20&linkCode=osi&th=1&psc=1"><img src="https://m.media-amazon.com/images/I/31u+gpU4SqL._SL500_.jpg" alt="Product Image"></a><p>PHILIP B. Gentle Conditioning Shampoo 32 oz. (947 ml) | Light-weight Hair Moisturizer, Protecting Color, Adds Softness and Shine</p><p>$115.00 ($3.59 / Fl Oz)</p><a href="https://www.amazon.com/dp/B00BXFGBAY?tag=eloabder-20&linkCode=osi&th=1&psc=1">View Product</a></div>


<div class="product"><a href="https://www.amazon.com/dp/B07P9RWTVK?tag=eloabder-20&linkCode=osi&th=1&psc=1"><img src="https://m.media-amazon.com/images/I/51UYs9+XaEL._SL500_.jpg" alt="Product Image"></a><p>Cczmfeas Boys Toddler Dinosaur Cotton Underwear Boxer Briefs 6 Pack (6-8 Years, C- 6 Pack) Navy</p><p>$14.99</p><a href="https://www.amazon.com/dp/B07P9RWTVK?tag=eloabder-20&linkCode=osi&th=1&psc=1">View Product</a></div>
















<div class="product"><a href="https://www.amazon.com/dp/B00VTVE4Z6?tag=eloabder-20&linkCode=osi&th=1&psc=1"><img src="https://m.media-amazon.com/images/I/21Gp9b3ASJL._SL500_.jpg" alt="Product Image"></a><p>Fruit Of The Loom Boys Eversoft Cotton Undershirts, T Shirts & Tank Tops Underwear, T Shirt - Boys - 5 Pack - White, X-Large US</p><p>$9.99</p><a href="https://www.amazon.com/dp/B00VTVE4Z6?tag=eloabder-20&linkCode=osi&th=1&psc=1">View Product</a></div>

<div class="product"><a href="https://www.amazon.com/dp/B07T8C2FGP?tag=eloabder-20&linkCode=osi&th=1&psc=1"><img src="https://m.media-amazon.com/images/I/11REPowhbuL._SL500_.jpg" alt="Product Image"></a><p>Hanes Boys' Tank Undershirt, EcoSmart Cotton Shirt, Multiple Packs Available, White, Small</p><p>$9.00</p><a href="https://www.amazon.com/dp/B07T8C2FGP?tag=eloabder-20&linkCode=osi&th=1&psc=1">View Product</a></div><div class="product"><a href="https://www.amazon.com/dp/B07GLLY1B5?tag=eloabder-20&linkCode=osi&th=1&psc=1"><img src="https://m.media-amazon.com/images/I/21jImswBMOL._SL500_.jpg" alt="Product Image"></a><p>Fruit Of The Loom Boys Eversoft Cotton Undershirts, T Shirts & Tank Tops Underwear, Tank - Boys - 10 Pack - White, Small US</p><p>$18.99</p><a href="https://www.amazon.com/dp/B07GLLY1B5?tag=eloabder-20&linkCode=osi&th=1&psc=1">View Product</a></div>

















<div class="product"><a href="https://www.amazon.com/dp/B0CC6T1BXL?tag=eloabder-20&linkCode=osi&th=1&psc=1"><img src="https://m.media-amazon.com/images/I/51QfOhhRTAL._SL500_.jpg" alt="Product Image"></a><p>Hanes Boys' Big Performance Tween Boxer Brief Pack, X-Temp Mesh Underwear, Assorted, 6-Pack, Black/Blue/Green/Grey-6 Pack, X-Large</p><p>$16.13</p><a href="https://www.amazon.com/dp/B0CC6T1BXL?tag=eloabder-20&linkCode=osi&th=1&psc=1">View Product</a></div>
<div class="product"><a href="https://www.amazon.com/dp/B0CC6VPJ9T?tag=eloabder-20&linkCode=osi&th=1&psc=1"><img src="https://m.media-amazon.com/images/I/51QfOhhRTAL._SL500_.jpg" alt="Product Image"></a><p>Hanes Boys' Big Performance Tween Boxer Brief Pack, X-Temp Mesh Underwear, Assorted, Black/Blue/Green/Grey - 6 Pack, Small</p><p>$15.29</p><a href="https://www.amazon.com/dp/B0CC6VPJ9T?tag=eloabder-20&linkCode=osi&th=1&psc=1">View Product</a></div><div class="product"><a href="https://www.amazon.com/dp/B0BHX9MGTV?tag=eloabder-20&linkCode=osi&th=1&psc=1"><img src="https://m.media-amazon.com/images/I/41xmYCCb5TL._SL500_.jpg" alt="Product Image"></a><p>Hanes Men's Boys Boxer Briefs Pack, Cool Comfort Tagless Underwear, 7-Pack, Assorted, Large</p><p>$13.00</p><a href="https://www.amazon.com/dp/B0BHX9MGTV?tag=eloabder-20&linkCode=osi&th=1&psc=1">View Product</a></div><div class="product"><a href="https://www.amazon.com/dp/B071JVXMBW?tag=eloabder-20&linkCode=osi&th=1&psc=1"><img src="https://m.media-amazon.com/images/I/41dDO730qNL._SL500_.jpg" alt="Product Image"></a><p>Hanes Boys' and Toddler Underwear, Comfort Flex and ComfortSoft Boxer Briefs, Multiple Packs Available, Assorted-7 Pack, Large</p><p>$13.00</p><a href="https://www.amazon.com/dp/B071JVXMBW?tag=eloabder-20&linkCode=osi&th=1&psc=1">View Product</a></div>
<div class="product"><a href="https://www.amazon.com/dp/B0BHX978MW?tag=eloabder-20&linkCode=osi&th=1&psc=1"><img src="https://m.media-amazon.com/images/I/41DVOhGuwJL._SL500_.jpg" alt="Product Image"></a><p>Hanes Boys' and Toddler Underwear, Comfort Flex and ComfortSoft Boxer Briefs, Multiple Packs Available, Solids/Prints Assorted-pack of 10, Large</p><p>$18.49</p><a href="https://www.amazon.com/dp/B0BHX978MW?tag=eloabder-20&linkCode=osi&th=1&psc=1">View Product</a></div>
<div class="product"><a href="https://www.amazon.com/dp/B0BHXBJPZ6?tag=eloabder-20&linkCode=osi&th=1&psc=1"><img src="https://m.media-amazon.com/images/I/41xmYCCb5TL._SL500_.jpg" alt="Product Image"></a><p>Hanes Men's Boys Boxer Briefs Pack, Cool Comfort Tagless Underwear, 7-Pack, Assorted, Small</p><p>$13.00</p><a href="https://www.amazon.com/dp/B0BHXBJPZ6?tag=eloabder-20&linkCode=osi&th=1&psc=1">View Product</a></div><div class="product"><a href="https://www.amazon.com/dp/B07T9FYQS8?tag=eloabder-20&linkCode=osi&th=1&psc=1"><img src="https://m.media-amazon.com/images/I/41hpu+H+4BS._SL500_.jpg" alt="Product Image"></a><p>Hanes Boys' X-Temp Boxer Briefs, Moisture Wicking Breathable Underwear, Tagless, Assorted 6 Pack, Medium</p><p>$14.45</p><a href="https://www.amazon.com/dp/B07T9FYQS8?tag=eloabder-20&linkCode=osi&th=1&psc=1">View Product</a></div>
<div class="product"><a href="https://www.amazon.com/dp/B00S4GMSOI?tag=eloabder-20&linkCode=osi&th=1&psc=1"><img src="https://m.media-amazon.com/images/I/31iFPCkYcTL._SL500_.jpg" alt="Product Image"></a><p>Hanes Boys Socks, Double Tough Cushioned Crew 12-pair Packs Athletic-socks, White/Grey Bottom, Large US</p><p>$9.99</p><a href="https://www.amazon.com/dp/B00S4GMSOI?tag=eloabder-20&linkCode=osi&th=1&psc=1">View Product</a></div>



























<div class="product"><a href="https://www.amazon.com/dp/B07VWPNFMD?tag=eloabder-20&linkCode=osi&th=1&psc=1"><img src="https://m.media-amazon.com/images/I/41LJTb0eozL._SL500_.jpg" alt="Product Image"></a><p>Under Armour Youth Training Cotton Crew Socks, Multipairs , Black (6-Pairs) , Small</p><p>$17.99</p><a href="https://www.amazon.com/dp/B07VWPNFMD?tag=eloabder-20&linkCode=osi&th=1&psc=1">View Product</a></div>
<div class="product"><a href="https://www.amazon.com/dp/B00BXFGBAY?tag=eloabder-20&linkCode=osi&th=1&psc=1"><img src="https://m.media-amazon.com/images/I/31u+gpU4SqL._SL500_.jpg" alt="Product Image"></a><p>PHILIP B. Gentle Conditioning Shampoo 32 oz. (947 ml) | Light-weight Hair Moisturizer, Protecting Color, Adds Softness and Shine</p><p>$115.00 ($3.59 / Fl Oz)</p><a href="https://www.amazon.com/dp/B00BXFGBAY?tag=eloabder-20&linkCode=osi&th=1&psc=1">View Product</a></div>


<div class="product"><a href="https://www.amazon.com/dp/B07P9RWTVK?tag=eloabder-20&linkCode=osi&th=1&psc=1"><img src="https://m.media-amazon.com/images/I/51UYs9+XaEL._SL500_.jpg" alt="Product Image"></a><p>Cczmfeas Boys Toddler Dinosaur Cotton Underwear Boxer Briefs 6 Pack (6-8 Years, C- 6 Pack) Navy</p><p>$14.99</p><a href="https://www.amazon.com/dp/B07P9RWTVK?tag=eloabder-20&linkCode=osi&th=1&psc=1">View Product</a></div>

















<div class="product"><a href="https://www.amazon.com/dp/B00VTVE4Z6?tag=eloabder-20&linkCode=osi&th=1&psc=1"><img src="https://m.media-amazon.com/images/I/21Gp9b3ASJL._SL500_.jpg" alt="Product Image"></a><p>Fruit Of The Loom Boys Eversoft Cotton Undershirts, T Shirts & Tank Tops Underwear, T Shirt - Boys - 5 Pack - White, X-Large US</p><p>$9.99</p><a href="https://www.amazon.com/dp/B00VTVE4Z6?tag=eloabder-20&linkCode=osi&th=1&psc=1">View Product</a></div>

<div class="product"><a href="https://www.amazon.com/dp/B07T8C2FGP?tag=eloabder-20&linkCode=osi&th=1&psc=1"><img src="https://m.media-amazon.com/images/I/11REPowhbuL._SL500_.jpg" alt="Product Image"></a><p>Hanes Boys' Tank Undershirt, EcoSmart Cotton Shirt, Multiple Packs Available, White, Small</p><p>$9.00</p><a href="https://www.amazon.com/dp/B07T8C2FGP?tag=eloabder-20&linkCode=osi&th=1&psc=1">View Product</a></div><div class="product"><a href="https://www.amazon.com/dp/B07GLLY1B5?tag=eloabder-20&linkCode=osi&th=1&psc=1"><img src="https://m.media-amazon.com/images/I/21jImswBMOL._SL500_.jpg" alt="Product Image"></a><p>Fruit Of The Loom Boys Eversoft Cotton Undershirts, T Shirts & Tank Tops Underwear, Tank - Boys - 10 Pack - White, Small US</p><p>$18.99</p><a href="https://www.amazon.com/dp/B07GLLY1B5?tag=eloabder-20&linkCode=osi&th=1&psc=1">View Product</a></div>

















<div class="product"><a href="https://www.amazon.com/dp/B0CC6T1BXL?tag=eloabder-20&linkCode=osi&th=1&psc=1"><img src="https://m.media-amazon.com/images/I/51QfOhhRTAL._SL500_.jpg" alt="Product Image"></a><p>Hanes Boys' Big Performance Tween Boxer Brief Pack, X-Temp Mesh Underwear, Assorted, 6-Pack, Black/Blue/Green/Grey-6 Pack, X-Large</p><p>$16.13</p><a href="https://www.amazon.com/dp/B0CC6T1BXL?tag=eloabder-20&linkCode=osi&th=1&psc=1">View Product</a></div>
<div class="product"><a href="https://www.amazon.com/dp/B0CC6VPJ9T?tag=eloabder-20&linkCode=osi&th=1&psc=1"><img src="https://m.media-amazon.com/images/I/51QfOhhRTAL._SL500_.jpg" alt="Product Image"></a><p>Hanes Boys' Big Performance Tween Boxer Brief Pack, X-Temp Mesh Underwear, Assorted, Black/Blue/Green/Grey - 6 Pack, Small</p><p>$15.29</p><a href="https://www.amazon.com/dp/B0CC6VPJ9T?tag=eloabder-20&linkCode=osi&th=1&psc=1">View Product</a></div><div class="product"><a href="https://www.amazon.com/dp/B0BHX9MGTV?tag=eloabder-20&linkCode=osi&th=1&psc=1"><img src="https://m.media-amazon.com/images/I/41xmYCCb5TL._SL500_.jpg" alt="Product Image"></a><p>Hanes Men's Boys Boxer Briefs Pack, Cool Comfort Tagless Underwear, 7-Pack, Assorted, Large</p><p>$13.00</p><a href="https://www.amazon.com/dp/B0BHX9MGTV?tag=eloabder-20&linkCode=osi&th=1&psc=1">View Product</a></div><div class="product"><a href="https://www.amazon.com/dp/B071JVXMBW?tag=eloabder-20&linkCode=osi&th=1&psc=1"><img src="https://m.media-amazon.com/images/I/41dDO730qNL._SL500_.jpg" alt="Product Image"></a><p>Hanes Boys' and Toddler Underwear, Comfort Flex and ComfortSoft Boxer Briefs, Multiple Packs Available, Assorted-7 Pack, Large</p><p>$13.00</p><a href="https://www.amazon.com/dp/B071JVXMBW?tag=eloabder-20&linkCode=osi&th=1&psc=1">View Product</a></div>
<div class="product"><a href="https://www.amazon.com/dp/B0BHX978MW?tag=eloabder-20&linkCode=osi&th=1&psc=1"><img src="https://m.media-amazon.com/images/I/41DVOhGuwJL._SL500_.jpg" alt="Product Image"></a><p>Hanes Boys' and Toddler Underwear, Comfort Flex and ComfortSoft Boxer Briefs, Multiple Packs Available, Solids/Prints Assorted-pack of 10, Large</p><p>$18.49</p><a href="https://www.amazon.com/dp/B0BHX978MW?tag=eloabder-20&linkCode=osi&th=1&psc=1">View Product</a></div>
<div class="product"><a href="https://www.amazon.com/dp/B0BHXBJPZ6?tag=eloabder-20&linkCode=osi&th=1&psc=1"><img src="https://m.media-amazon.com/images/I/41xmYCCb5TL._SL500_.jpg" alt="Product Image"></a><p>Hanes Men's Boys Boxer Briefs Pack, Cool Comfort Tagless Underwear, 7-Pack, Assorted, Small</p><p>$13.00</p><a href="https://www.amazon.com/dp/B0BHXBJPZ6?tag=eloabder-20&linkCode=osi&th=1&psc=1">View Product</a></div><div class="product"><a href="https://www.amazon.com/dp/B07T9FYQS8?tag=eloabder-20&linkCode=osi&th=1&psc=1"><img src="https://m.media-amazon.com/images/I/41hpu+H+4BS._SL500_.jpg" alt="Product Image"></a><p>Hanes Boys' X-Temp Boxer Briefs, Moisture Wicking Breathable Underwear, Tagless, Assorted 6 Pack, Medium</p><p>$14.45</p><a href="https://www.amazon.com/dp/B07T9FYQS8?tag=eloabder-20&linkCode=osi&th=1&psc=1">View Product</a></div>
<div class="product"><a href="https://www.amazon.com/dp/B00S4GMSOI?tag=eloabder-20&linkCode=osi&th=1&psc=1"><img src="https://m.media-amazon.com/images/I/31iFPCkYcTL._SL500_.jpg" alt="Product Image"></a><p>Hanes Boys Socks, Double Tough Cushioned Crew 12-pair Packs Athletic-socks, White/Grey Bottom, Large US</p><p>$9.99</p><a href="https://www.amazon.com/dp/B00S4GMSOI?tag=eloabder-20&linkCode=osi&th=1&psc=1">View Product</a></div>



























<div class="product"><a href="https://www.amazon.com/dp/B07VWPNFMD?tag=eloabder-20&linkCode=osi&th=1&psc=1"><img src="https://m.media-amazon.com/images/I/41LJTb0eozL._SL500_.jpg" alt="Product Image"></a><p>Under Armour Youth Training Cotton Crew Socks, Multipairs , Black (6-Pairs) , Small</p><p>$17.99</p><a href="https://www.amazon.com/dp/B07VWPNFMD?tag=eloabder-20&linkCode=osi&th=1&psc=1">View Product</a></div>
<div class="product"><a href="https://www.amazon.com/dp/B00BXFGBAY?tag=eloabder-20&linkCode=osi&th=1&psc=1"><img src="https://m.media-amazon.com/images/I/31u+gpU4SqL._SL500_.jpg" alt="Product Image"></a><p>PHILIP B. Gentle Conditioning Shampoo 32 oz. (947 ml) | Light-weight Hair Moisturizer, Protecting Color, Adds Softness and Shine</p><p>$115.00 ($3.59 / Fl Oz)</p><a href="https://www.amazon.com/dp/B00BXFGBAY?tag=eloabder-20&linkCode=osi&th=1&psc=1">View Product</a></div>


<div class="product"><a href="https://www.amazon.com/dp/B07P9RWTVK?tag=eloabder-20&linkCode=osi&th=1&psc=1"><img src="https://m.media-amazon.com/images/I/51UYs9+XaEL._SL500_.jpg" alt="Product Image"></a><p>Cczmfeas Boys Toddler Dinosaur Cotton Underwear Boxer Briefs 6 Pack (6-8 Years, C- 6 Pack) Navy</p><p>$14.99</p><a href="https://www.amazon.com/dp/B07P9RWTVK?tag=eloabder-20&linkCode=osi&th=1&psc=1">View Product</a></div>


















<div class="product"><a href="https://www.amazon.com/dp/B00VTVE4Z6?tag=eloabder-20&linkCode=osi&th=1&psc=1"><img src="https://m.media-amazon.com/images/I/21Gp9b3ASJL._SL500_.jpg" alt="Product Image"></a><p>Fruit Of The Loom Boys Eversoft Cotton Undershirts, T Shirts & Tank Tops Underwear, T Shirt - Boys - 5 Pack - White, X-Large US</p><p>$9.99</p><a href="https://www.amazon.com/dp/B00VTVE4Z6?tag=eloabder-20&linkCode=osi&th=1&psc=1">View Product</a></div>

<div class="product"><a href="https://www.amazon.com/dp/B07T8C2FGP?tag=eloabder-20&linkCode=osi&th=1&psc=1"><img src="https://m.media-amazon.com/images/I/11REPowhbuL._SL500_.jpg" alt="Product Image"></a><p>Hanes Boys' Tank Undershirt, EcoSmart Cotton Shirt, Multiple Packs Available, White, Small</p><p>$9.00</p><a href="https://www.amazon.com/dp/B07T8C2FGP?tag=eloabder-20&linkCode=osi&th=1&psc=1">View Product</a></div><div class="product"><a href="https://www.amazon.com/dp/B07GLLY1B5?tag=eloabder-20&linkCode=osi&th=1&psc=1"><img src="https://m.media-amazon.com/images/I/21jImswBMOL._SL500_.jpg" alt="Product Image"></a><p>Fruit Of The Loom Boys Eversoft Cotton Undershirts, T Shirts & Tank Tops Underwear, Tank - Boys - 10 Pack - White, Small US</p><p>$18.99</p><a href="https://www.amazon.com/dp/B07GLLY1B5?tag=eloabder-20&linkCode=osi&th=1&psc=1">View Product</a></div>

















<div class="product"><a href="https://www.amazon.com/dp/B0CC6T1BXL?tag=eloabder-20&linkCode=osi&th=1&psc=1"><img src="https://m.media-amazon.com/images/I/51QfOhhRTAL._SL500_.jpg" alt="Product Image"></a><p>Hanes Boys' Big Performance Tween Boxer Brief Pack, X-Temp Mesh Underwear, Assorted, 6-Pack, Black/Blue/Green/Grey-6 Pack, X-Large</p><p>$16.13</p><a href="https://www.amazon.com/dp/B0CC6T1BXL?tag=eloabder-20&linkCode=osi&th=1&psc=1">View Product</a></div>
<div class="product"><a href="https://www.amazon.com/dp/B0CC6VPJ9T?tag=eloabder-20&linkCode=osi&th=1&psc=1"><img src="https://m.media-amazon.com/images/I/51QfOhhRTAL._SL500_.jpg" alt="Product Image"></a><p>Hanes Boys' Big Performance Tween Boxer Brief Pack, X-Temp Mesh Underwear, Assorted, Black/Blue/Green/Grey - 6 Pack, Small</p><p>$15.29</p><a href="https://www.amazon.com/dp/B0CC6VPJ9T?tag=eloabder-20&linkCode=osi&th=1&psc=1">View Product</a></div><div class="product"><a href="https://www.amazon.com/dp/B0BHX9MGTV?tag=eloabder-20&linkCode=osi&th=1&psc=1"><img src="https://m.media-amazon.com/images/I/41xmYCCb5TL._SL500_.jpg" alt="Product Image"></a><p>Hanes Men's Boys Boxer Briefs Pack, Cool Comfort Tagless Underwear, 7-Pack, Assorted, Large</p><p>$13.00</p><a href="https://www.amazon.com/dp/B0BHX9MGTV?tag=eloabder-20&linkCode=osi&th=1&psc=1">View Product</a></div><div class="product"><a href="https://www.amazon.com/dp/B071JVXMBW?tag=eloabder-20&linkCode=osi&th=1&psc=1"><img src="https://m.media-amazon.com/images/I/41dDO730qNL._SL500_.jpg" alt="Product Image"></a><p>Hanes Boys' and Toddler Underwear, Comfort Flex and ComfortSoft Boxer Briefs, Multiple Packs Available, Assorted-7 Pack, Large</p><p>$13.00</p><a href="https://www.amazon.com/dp/B071JVXMBW?tag=eloabder-20&linkCode=osi&th=1&psc=1">View Product</a></div>
<div class="product"><a href="https://www.amazon.com/dp/B0BHX978MW?tag=eloabder-20&linkCode=osi&th=1&psc=1"><img src="https://m.media-amazon.com/images/I/41DVOhGuwJL._SL500_.jpg" alt="Product Image"></a><p>Hanes Boys' and Toddler Underwear, Comfort Flex and ComfortSoft Boxer Briefs, Multiple Packs Available, Solids/Prints Assorted-pack of 10, Large</p><p>$18.49</p><a href="https://www.amazon.com/dp/B0BHX978MW?tag=eloabder-20&linkCode=osi&th=1&psc=1">View Product</a></div>
<div class="product"><a href="https://www.amazon.com/dp/B0BHXBJPZ6?tag=eloabder-20&linkCode=osi&th=1&psc=1"><img src="https://m.media-amazon.com/images/I/41xmYCCb5TL._SL500_.jpg" alt="Product Image"></a><p>Hanes Men's Boys Boxer Briefs Pack, Cool Comfort Tagless Underwear, 7-Pack, Assorted, Small</p><p>$13.00</p><a href="https://www.amazon.com/dp/B0BHXBJPZ6?tag=eloabder-20&linkCode=osi&th=1&psc=1">View Product</a></div><div class="product"><a href="https://www.amazon.com/dp/B07T9FYQS8?tag=eloabder-20&linkCode=osi&th=1&psc=1"><img src="https://m.media-amazon.com/images/I/41hpu+H+4BS._SL500_.jpg" alt="Product Image"></a><p>Hanes Boys' X-Temp Boxer Briefs, Moisture Wicking Breathable Underwear, Tagless, Assorted 6 Pack, Medium</p><p>$14.45</p><a href="https://www.amazon.com/dp/B07T9FYQS8?tag=eloabder-20&linkCode=osi&th=1&psc=1">View Product</a></div>
<div class="product"><a href="https://www.amazon.com/dp/B00S4GMSOI?tag=eloabder-20&linkCode=osi&th=1&psc=1"><img src="https://m.media-amazon.com/images/I/31iFPCkYcTL._SL500_.jpg" alt="Product Image"></a><p>Hanes Boys Socks, Double Tough Cushioned Crew 12-pair Packs Athletic-socks, White/Grey Bottom, Large US</p><p>$9.99</p><a href="https://www.amazon.com/dp/B00S4GMSOI?tag=eloabder-20&linkCode=osi&th=1&psc=1">View Product</a></div>



























<div class="product"><a href="https://www.amazon.com/dp/B07VWPNFMD?tag=eloabder-20&linkCode=osi&th=1&psc=1"><img src="https://m.media-amazon.com/images/I/41LJTb0eozL._SL500_.jpg" alt="Product Image"></a><p>Under Armour Youth Training Cotton Crew Socks, Multipairs , Black (6-Pairs) , Small</p><p>$17.99</p><a href="https://www.amazon.com/dp/B07VWPNFMD?tag=eloabder-20&linkCode=osi&th=1&psc=1">View Product</a></div>
<div class="product"><a href="https://www.amazon.com/dp/B00BXFGBAY?tag=eloabder-20&linkCode=osi&th=1&psc=1"><img src="https://m.media-amazon.com/images/I/31u+gpU4SqL._SL500_.jpg" alt="Product Image"></a><p>PHILIP B. Gentle Conditioning Shampoo 32 oz. (947 ml) | Light-weight Hair Moisturizer, Protecting Color, Adds Softness and Shine</p><p>$115.00 ($3.59 / Fl Oz)</p><a href="https://www.amazon.com/dp/B00BXFGBAY?tag=eloabder-20&linkCode=osi&th=1&psc=1">View Product</a></div>


<div class="product"><a href="https://www.amazon.com/dp/B07P9RWTVK?tag=eloabder-20&linkCode=osi&th=1&psc=1"><img src="https://m.media-amazon.com/images/I/51UYs9+XaEL._SL500_.jpg" alt="Product Image"></a><p>Cczmfeas Boys Toddler Dinosaur Cotton Underwear Boxer Briefs 6 Pack (6-8 Years, C- 6 Pack) Navy</p><p>$14.99</p><a href="https://www.amazon.com/dp/B07P9RWTVK?tag=eloabder-20&linkCode=osi&th=1&psc=1">View Product</a></div>



















<div class="product"><a href="https://www.amazon.com/dp/B00VTVE4Z6?tag=eloabder-20&linkCode=osi&th=1&psc=1"><img src="https://m.media-amazon.com/images/I/21Gp9b3ASJL._SL500_.jpg" alt="Product Image"></a><p>Fruit Of The Loom Boys Eversoft Cotton Undershirts, T Shirts & Tank Tops Underwear, T Shirt - Boys - 5 Pack - White, X-Large US</p><p>$9.99</p><a href="https://www.amazon.com/dp/B00VTVE4Z6?tag=eloabder-20&linkCode=osi&th=1&psc=1">View Product</a></div>

<div class="product"><a href="https://www.amazon.com/dp/B07T8C2FGP?tag=eloabder-20&linkCode=osi&th=1&psc=1"><img src="https://m.media-amazon.com/images/I/11REPowhbuL._SL500_.jpg" alt="Product Image"></a><p>Hanes Boys' Tank Undershirt, EcoSmart Cotton Shirt, Multiple Packs Available, White, Small</p><p>$9.00</p><a href="https://www.amazon.com/dp/B07T8C2FGP?tag=eloabder-20&linkCode=osi&th=1&psc=1">View Product</a></div><div class="product"><a href="https://www.amazon.com/dp/B07GLLY1B5?tag=eloabder-20&linkCode=osi&th=1&psc=1"><img src="https://m.media-amazon.com/images/I/21jImswBMOL._SL500_.jpg" alt="Product Image"></a><p>Fruit Of The Loom Boys Eversoft Cotton Undershirts, T Shirts & Tank Tops Underwear, Tank - Boys - 10 Pack - White, Small US</p><p>$18.99</p><a href="https://www.amazon.com/dp/B07GLLY1B5?tag=eloabder-20&linkCode=osi&th=1&psc=1">View Product</a></div>

















<div class="product"><a href="https://www.amazon.com/dp/B0CC6T1BXL?tag=eloabder-20&linkCode=osi&th=1&psc=1"><img src="https://m.media-amazon.com/images/I/51QfOhhRTAL._SL500_.jpg" alt="Product Image"></a><p>Hanes Boys' Big Performance Tween Boxer Brief Pack, X-Temp Mesh Underwear, Assorted, 6-Pack, Black/Blue/Green/Grey-6 Pack, X-Large</p><p>$16.13</p><a href="https://www.amazon.com/dp/B0CC6T1BXL?tag=eloabder-20&linkCode=osi&th=1&psc=1">View Product</a></div>
<div class="product"><a href="https://www.amazon.com/dp/B0CC6VPJ9T?tag=eloabder-20&linkCode=osi&th=1&psc=1"><img src="https://m.media-amazon.com/images/I/51QfOhhRTAL._SL500_.jpg" alt="Product Image"></a><p>Hanes Boys' Big Performance Tween Boxer Brief Pack, X-Temp Mesh Underwear, Assorted, Black/Blue/Green/Grey - 6 Pack, Small</p><p>$15.29</p><a href="https://www.amazon.com/dp/B0CC6VPJ9T?tag=eloabder-20&linkCode=osi&th=1&psc=1">View Product</a></div><div class="product"><a href="https://www.amazon.com/dp/B0BHX9MGTV?tag=eloabder-20&linkCode=osi&th=1&psc=1"><img src="https://m.media-amazon.com/images/I/41xmYCCb5TL._SL500_.jpg" alt="Product Image"></a><p>Hanes Men's Boys Boxer Briefs Pack, Cool Comfort Tagless Underwear, 7-Pack, Assorted, Large</p><p>$13.00</p><a href="https://www.amazon.com/dp/B0BHX9MGTV?tag=eloabder-20&linkCode=osi&th=1&psc=1">View Product</a></div><div class="product"><a href="https://www.amazon.com/dp/B071JVXMBW?tag=eloabder-20&linkCode=osi&th=1&psc=1"><img src="https://m.media-amazon.com/images/I/41dDO730qNL._SL500_.jpg" alt="Product Image"></a><p>Hanes Boys' and Toddler Underwear, Comfort Flex and ComfortSoft Boxer Briefs, Multiple Packs Available, Assorted-7 Pack, Large</p><p>$13.00</p><a href="https://www.amazon.com/dp/B071JVXMBW?tag=eloabder-20&linkCode=osi&th=1&psc=1">View Product</a></div>
<div class="product"><a href="https://www.amazon.com/dp/B0BHX978MW?tag=eloabder-20&linkCode=osi&th=1&psc=1"><img src="https://m.media-amazon.com/images/I/41DVOhGuwJL._SL500_.jpg" alt="Product Image"></a><p>Hanes Boys' and Toddler Underwear, Comfort Flex and ComfortSoft Boxer Briefs, Multiple Packs Available, Solids/Prints Assorted-pack of 10, Large</p><p>$18.49</p><a href="https://www.amazon.com/dp/B0BHX978MW?tag=eloabder-20&linkCode=osi&th=1&psc=1">View Product</a></div>
<div class="product"><a href="https://www.amazon.com/dp/B0BHXBJPZ6?tag=eloabder-20&linkCode=osi&th=1&psc=1"><img src="https://m.media-amazon.com/images/I/41xmYCCb5TL._SL500_.jpg" alt="Product Image"></a><p>Hanes Men's Boys Boxer Briefs Pack, Cool Comfort Tagless Underwear, 7-Pack, Assorted, Small</p><p>$13.00</p><a href="https://www.amazon.com/dp/B0BHXBJPZ6?tag=eloabder-20&linkCode=osi&th=1&psc=1">View Product</a></div><div class="product"><a href="https://www.amazon.com/dp/B07T9FYQS8?tag=eloabder-20&linkCode=osi&th=1&psc=1"><img src="https://m.media-amazon.com/images/I/41hpu+H+4BS._SL500_.jpg" alt="Product Image"></a><p>Hanes Boys' X-Temp Boxer Briefs, Moisture Wicking Breathable Underwear, Tagless, Assorted 6 Pack, Medium</p><p>$14.45</p><a href="https://www.amazon.com/dp/B07T9FYQS8?tag=eloabder-20&linkCode=osi&th=1&psc=1">View Product</a></div>
<div class="product"><a href="https://www.amazon.com/dp/B00S4GMSOI?tag=eloabder-20&linkCode=osi&th=1&psc=1"><img src="https://m.media-amazon.com/images/I/31iFPCkYcTL._SL500_.jpg" alt="Product Image"></a><p>Hanes Boys Socks, Double Tough Cushioned Crew 12-pair Packs Athletic-socks, White/Grey Bottom, Large US</p><p>$9.99</p><a href="https://www.amazon.com/dp/B00S4GMSOI?tag=eloabder-20&linkCode=osi&th=1&psc=1">View Product</a></div>



























<div class="product"><a href="https://www.amazon.com/dp/B07VWPNFMD?tag=eloabder-20&linkCode=osi&th=1&psc=1"><img src="https://m.media-amazon.com/images/I/41LJTb0eozL._SL500_.jpg" alt="Product Image"></a><p>Under Armour Youth Training Cotton Crew Socks, Multipairs , Black (6-Pairs) , Small</p><p>$17.99</p><a href="https://www.amazon.com/dp/B07VWPNFMD?tag=eloabder-20&linkCode=osi&th=1&psc=1">View Product</a></div>
<div class="product"><a href="https://www.amazon.com/dp/B00BXFGBAY?tag=eloabder-20&linkCode=osi&th=1&psc=1"><img src="https://m.media-amazon.com/images/I/31u+gpU4SqL._SL500_.jpg" alt="Product Image"></a><p>PHILIP B. Gentle Conditioning Shampoo 32 oz. (947 ml) | Light-weight Hair Moisturizer, Protecting Color, Adds Softness and Shine</p><p>$115.00 ($3.59 / Fl Oz)</p><a href="https://www.amazon.com/dp/B00BXFGBAY?tag=eloabder-20&linkCode=osi&th=1&psc=1">View Product</a></div>


<div class="product"><a href="https://www.amazon.com/dp/B07P9RWTVK?tag=eloabder-20&linkCode=osi&th=1&psc=1"><img src="https://m.media-amazon.com/images/I/51UYs9+XaEL._SL500_.jpg" alt="Product Image"></a><p>Cczmfeas Boys Toddler Dinosaur Cotton Underwear Boxer Briefs 6 Pack (6-8 Years, C- 6 Pack) Navy</p><p>$14.99</p><a href="https://www.amazon.com/dp/B07P9RWTVK?tag=eloabder-20&linkCode=osi&th=1&psc=1">View Product</a></div>




















<div class="product"><a href="https://www.amazon.com/dp/B00VTVE4Z6?tag=eloabder-20&linkCode=osi&th=1&psc=1"><img src="https://m.media-amazon.com/images/I/21Gp9b3ASJL._SL500_.jpg" alt="Product Image"></a><p>Fruit Of The Loom Boys Eversoft Cotton Undershirts, T Shirts & Tank Tops Underwear, T Shirt - Boys - 5 Pack - White, X-Large US</p><p>$9.99</p><a href="https://www.amazon.com/dp/B00VTVE4Z6?tag=eloabder-20&linkCode=osi&th=1&psc=1">View Product</a></div>

<div class="product"><a href="https://www.amazon.com/dp/B07T8C2FGP?tag=eloabder-20&linkCode=osi&th=1&psc=1"><img src="https://m.media-amazon.com/images/I/11REPowhbuL._SL500_.jpg" alt="Product Image"></a><p>Hanes Boys' Tank Undershirt, EcoSmart Cotton Shirt, Multiple Packs Available, White, Small</p><p>$9.00</p><a href="https://www.amazon.com/dp/B07T8C2FGP?tag=eloabder-20&linkCode=osi&th=1&psc=1">View Product</a></div><div class="product"><a href="https://www.amazon.com/dp/B07GLLY1B5?tag=eloabder-20&linkCode=osi&th=1&psc=1"><img src="https://m.media-amazon.com/images/I/21jImswBMOL._SL500_.jpg" alt="Product Image"></a><p>Fruit Of The Loom Boys Eversoft Cotton Undershirts, T Shirts & Tank Tops Underwear, Tank - Boys - 10 Pack - White, Small US</p><p>$18.99</p><a href="https://www.amazon.com/dp/B07GLLY1B5?tag=eloabder-20&linkCode=osi&th=1&psc=1">View Product</a></div>

















<div class="product"><a href="https://www.amazon.com/dp/B0CC6T1BXL?tag=eloabder-20&linkCode=osi&th=1&psc=1"><img src="https://m.media-amazon.com/images/I/51QfOhhRTAL._SL500_.jpg" alt="Product Image"></a><p>Hanes Boys' Big Performance Tween Boxer Brief Pack, X-Temp Mesh Underwear, Assorted, 6-Pack, Black/Blue/Green/Grey-6 Pack, X-Large</p><p>$16.13</p><a href="https://www.amazon.com/dp/B0CC6T1BXL?tag=eloabder-20&linkCode=osi&th=1&psc=1">View Product</a></div>
<div class="product"><a href="https://www.amazon.com/dp/B0CC6VPJ9T?tag=eloabder-20&linkCode=osi&th=1&psc=1"><img src="https://m.media-amazon.com/images/I/51QfOhhRTAL._SL500_.jpg" alt="Product Image"></a><p>Hanes Boys' Big Performance Tween Boxer Brief Pack, X-Temp Mesh Underwear, Assorted, Black/Blue/Green/Grey - 6 Pack, Small</p><p>$15.29</p><a href="https://www.amazon.com/dp/B0CC6VPJ9T?tag=eloabder-20&linkCode=osi&th=1&psc=1">View Product</a></div><div class="product"><a href="https://www.amazon.com/dp/B0BHX9MGTV?tag=eloabder-20&linkCode=osi&th=1&psc=1"><img src="https://m.media-amazon.com/images/I/41xmYCCb5TL._SL500_.jpg" alt="Product Image"></a><p>Hanes Men's Boys Boxer Briefs Pack, Cool Comfort Tagless Underwear, 7-Pack, Assorted, Large</p><p>$13.00</p><a href="https://www.amazon.com/dp/B0BHX9MGTV?tag=eloabder-20&linkCode=osi&th=1&psc=1">View Product</a></div><div class="product"><a href="https://www.amazon.com/dp/B071JVXMBW?tag=eloabder-20&linkCode=osi&th=1&psc=1"><img src="https://m.media-amazon.com/images/I/41dDO730qNL._SL500_.jpg" alt="Product Image"></a><p>Hanes Boys' and Toddler Underwear, Comfort Flex and ComfortSoft Boxer Briefs, Multiple Packs Available, Assorted-7 Pack, Large</p><p>$13.00</p><a href="https://www.amazon.com/dp/B071JVXMBW?tag=eloabder-20&linkCode=osi&th=1&psc=1">View Product</a></div>
<div class="product"><a href="https://www.amazon.com/dp/B0BHX978MW?tag=eloabder-20&linkCode=osi&th=1&psc=1"><img src="https://m.media-amazon.com/images/I/41DVOhGuwJL._SL500_.jpg" alt="Product Image"></a><p>Hanes Boys' and Toddler Underwear, Comfort Flex and ComfortSoft Boxer Briefs, Multiple Packs Available, Solids/Prints Assorted-pack of 10, Large</p><p>$18.49</p><a href="https://www.amazon.com/dp/B0BHX978MW?tag=eloabder-20&linkCode=osi&th=1&psc=1">View Product</a></div>
<div class="product"><a href="https://www.amazon.com/dp/B0BHXBJPZ6?tag=eloabder-20&linkCode=osi&th=1&psc=1"><img src="https://m.media-amazon.com/images/I/41xmYCCb5TL._SL500_.jpg" alt="Product Image"></a><p>Hanes Men's Boys Boxer Briefs Pack, Cool Comfort Tagless Underwear, 7-Pack, Assorted, Small</p><p>$13.00</p><a href="https://www.amazon.com/dp/B0BHXBJPZ6?tag=eloabder-20&linkCode=osi&th=1&psc=1">View Product</a></div><div class="product"><a href="https://www.amazon.com/dp/B07T9FYQS8?tag=eloabder-20&linkCode=osi&th=1&psc=1"><img src="https://m.media-amazon.com/images/I/41hpu+H+4BS._SL500_.jpg" alt="Product Image"></a><p>Hanes Boys' X-Temp Boxer Briefs, Moisture Wicking Breathable Underwear, Tagless, Assorted 6 Pack, Medium</p><p>$14.45</p><a href="https://www.amazon.com/dp/B07T9FYQS8?tag=eloabder-20&linkCode=osi&th=1&psc=1">View Product</a></div>
<div class="product"><a href="https://www.amazon.com/dp/B00S4GMSOI?tag=eloabder-20&linkCode=osi&th=1&psc=1"><img src="https://m.media-amazon.com/images/I/31iFPCkYcTL._SL500_.jpg" alt="Product Image"></a><p>Hanes Boys Socks, Double Tough Cushioned Crew 12-pair Packs Athletic-socks, White/Grey Bottom, Large US</p><p>$9.99</p><a href="https://www.amazon.com/dp/B00S4GMSOI?tag=eloabder-20&linkCode=osi&th=1&psc=1">View Product</a></div>



























<div class="product"><a href="https://www.amazon.com/dp/B07VWPNFMD?tag=eloabder-20&linkCode=osi&th=1&psc=1"><img src="https://m.media-amazon.com/images/I/41LJTb0eozL._SL500_.jpg" alt="Product Image"></a><p>Under Armour Youth Training Cotton Crew Socks, Multipairs , Black (6-Pairs) , Small</p><p>$17.99</p><a href="https://www.amazon.com/dp/B07VWPNFMD?tag=eloabder-20&linkCode=osi&th=1&psc=1">View Product</a></div>
<div class="product"><a href="https://www.amazon.com/dp/B00BXFGBAY?tag=eloabder-20&linkCode=osi&th=1&psc=1"><img src="https://m.media-amazon.com/images/I/31u+gpU4SqL._SL500_.jpg" alt="Product Image"></a><p>PHILIP B. Gentle Conditioning Shampoo 32 oz. (947 ml) | Light-weight Hair Moisturizer, Protecting Color, Adds Softness and Shine</p><p>$115.00 ($3.59 / Fl Oz)</p><a href="https://www.amazon.com/dp/B00BXFGBAY?tag=eloabder-20&linkCode=osi&th=1&psc=1">View Product</a></div>


<div class="product"><a href="https://www.amazon.com/dp/B07P9RWTVK?tag=eloabder-20&linkCode=osi&th=1&psc=1"><img src="https://m.media-amazon.com/images/I/51UYs9+XaEL._SL500_.jpg" alt="Product Image"></a><p>Cczmfeas Boys Toddler Dinosaur Cotton Underwear Boxer Briefs 6 Pack (6-8 Years, C- 6 Pack) Navy</p><p>$14.99</p><a href="https://www.amazon.com/dp/B07P9RWTVK?tag=eloabder-20&linkCode=osi&th=1&psc=1">View Product</a></div>





















<div class="product"><a href="https://www.amazon.com/dp/B00VTVE4Z6?tag=eloabder-20&linkCode=osi&th=1&psc=1"><img src="https://m.media-amazon.com/images/I/21Gp9b3ASJL._SL500_.jpg" alt="Product Image"></a><p>Fruit Of The Loom Boys Eversoft Cotton Undershirts, T Shirts & Tank Tops Underwear, T Shirt - Boys - 5 Pack - White, X-Large US</p><p>$9.99</p><a href="https://www.amazon.com/dp/B00VTVE4Z6?tag=eloabder-20&linkCode=osi&th=1&psc=1">View Product</a></div>

<div class="product"><a href="https://www.amazon.com/dp/B07T8C2FGP?tag=eloabder-20&linkCode=osi&th=1&psc=1"><img src="https://m.media-amazon.com/images/I/11REPowhbuL._SL500_.jpg" alt="Product Image"></a><p>Hanes Boys' Tank Undershirt, EcoSmart Cotton Shirt, Multiple Packs Available, White, Small</p><p>$9.00</p><a href="https://www.amazon.com/dp/B07T8C2FGP?tag=eloabder-20&linkCode=osi&th=1&psc=1">View Product</a></div><div class="product"><a href="https://www.amazon.com/dp/B07GLLY1B5?tag=eloabder-20&linkCode=osi&th=1&psc=1"><img src="https://m.media-amazon.com/images/I/21jImswBMOL._SL500_.jpg" alt="Product Image"></a><p>Fruit Of The Loom Boys Eversoft Cotton Undershirts, T Shirts & Tank Tops Underwear, Tank - Boys - 10 Pack - White, Small US</p><p>$18.99</p><a href="https://www.amazon.com/dp/B07GLLY1B5?tag=eloabder-20&linkCode=osi&th=1&psc=1">View Product</a></div>

















<div class="product"><a href="https://www.amazon.com/dp/B0CC6T1BXL?tag=eloabder-20&linkCode=osi&th=1&psc=1"><img src="https://m.media-amazon.com/images/I/51QfOhhRTAL._SL500_.jpg" alt="Product Image"></a><p>Hanes Boys' Big Performance Tween Boxer Brief Pack, X-Temp Mesh Underwear, Assorted, 6-Pack, Black/Blue/Green/Grey-6 Pack, X-Large</p><p>$16.13</p><a href="https://www.amazon.com/dp/B0CC6T1BXL?tag=eloabder-20&linkCode=osi&th=1&psc=1">View Product</a></div>
<div class="product"><a href="https://www.amazon.com/dp/B0CC6VPJ9T?tag=eloabder-20&linkCode=osi&th=1&psc=1"><img src="https://m.media-amazon.com/images/I/51QfOhhRTAL._SL500_.jpg" alt="Product Image"></a><p>Hanes Boys' Big Performance Tween Boxer Brief Pack, X-Temp Mesh Underwear, Assorted, Black/Blue/Green/Grey - 6 Pack, Small</p><p>$15.29</p><a href="https://www.amazon.com/dp/B0CC6VPJ9T?tag=eloabder-20&linkCode=osi&th=1&psc=1">View Product</a></div><div class="product"><a href="https://www.amazon.com/dp/B0BHX9MGTV?tag=eloabder-20&linkCode=osi&th=1&psc=1"><img src="https://m.media-amazon.com/images/I/41xmYCCb5TL._SL500_.jpg" alt="Product Image"></a><p>Hanes Men's Boys Boxer Briefs Pack, Cool Comfort Tagless Underwear, 7-Pack, Assorted, Large</p><p>$13.00</p><a href="https://www.amazon.com/dp/B0BHX9MGTV?tag=eloabder-20&linkCode=osi&th=1&psc=1">View Product</a></div><div class="product"><a href="https://www.amazon.com/dp/B071JVXMBW?tag=eloabder-20&linkCode=osi&th=1&psc=1"><img src="https://m.media-amazon.com/images/I/41dDO730qNL._SL500_.jpg" alt="Product Image"></a><p>Hanes Boys' and Toddler Underwear, Comfort Flex and ComfortSoft Boxer Briefs, Multiple Packs Available, Assorted-7 Pack, Large</p><p>$13.00</p><a href="https://www.amazon.com/dp/B071JVXMBW?tag=eloabder-20&linkCode=osi&th=1&psc=1">View Product</a></div>
<div class="product"><a href="https://www.amazon.com/dp/B0BHX978MW?tag=eloabder-20&linkCode=osi&th=1&psc=1"><img src="https://m.media-amazon.com/images/I/41DVOhGuwJL._SL500_.jpg" alt="Product Image"></a><p>Hanes Boys' and Toddler Underwear, Comfort Flex and ComfortSoft Boxer Briefs, Multiple Packs Available, Solids/Prints Assorted-pack of 10, Large</p><p>$18.49</p><a href="https://www.amazon.com/dp/B0BHX978MW?tag=eloabder-20&linkCode=osi&th=1&psc=1">View Product</a></div>
<div class="product"><a href="https://www.amazon.com/dp/B0BHXBJPZ6?tag=eloabder-20&linkCode=osi&th=1&psc=1"><img src="https://m.media-amazon.com/images/I/41xmYCCb5TL._SL500_.jpg" alt="Product Image"></a><p>Hanes Men's Boys Boxer Briefs Pack, Cool Comfort Tagless Underwear, 7-Pack, Assorted, Small</p><p>$13.00</p><a href="https://www.amazon.com/dp/B0BHXBJPZ6?tag=eloabder-20&linkCode=osi&th=1&psc=1">View Product</a></div><div class="product"><a href="https://www.amazon.com/dp/B07T9FYQS8?tag=eloabder-20&linkCode=osi&th=1&psc=1"><img src="https://m.media-amazon.com/images/I/41hpu+H+4BS._SL500_.jpg" alt="Product Image"></a><p>Hanes Boys' X-Temp Boxer Briefs, Moisture Wicking Breathable Underwear, Tagless, Assorted 6 Pack, Medium</p><p>$14.45</p><a href="https://www.amazon.com/dp/B07T9FYQS8?tag=eloabder-20&linkCode=osi&th=1&psc=1">View Product</a></div>
<div class="product"><a href="https://www.amazon.com/dp/B00S4GMSOI?tag=eloabder-20&linkCode=osi&th=1&psc=1"><img src="https://m.media-amazon.com/images/I/31iFPCkYcTL._SL500_.jpg" alt="Product Image"></a><p>Hanes Boys Socks, Double Tough Cushioned Crew 12-pair Packs Athletic-socks, White/Grey Bottom, Large US</p><p>$9.99</p><a href="https://www.amazon.com/dp/B00S4GMSOI?tag=eloabder-20&linkCode=osi&th=1&psc=1">View Product</a></div>



























<div class="product"><a href="https://www.amazon.com/dp/B07VWPNFMD?tag=eloabder-20&linkCode=osi&th=1&psc=1"><img src="https://m.media-amazon.com/images/I/41LJTb0eozL._SL500_.jpg" alt="Product Image"></a><p>Under Armour Youth Training Cotton Crew Socks, Multipairs , Black (6-Pairs) , Small</p><p>$17.99</p><a href="https://www.amazon.com/dp/B07VWPNFMD?tag=eloabder-20&linkCode=osi&th=1&psc=1">View Product</a></div>
<div class="product"><a href="https://www.amazon.com/dp/B00BXFGBAY?tag=eloabder-20&linkCode=osi&th=1&psc=1"><img src="https://m.media-amazon.com/images/I/31u+gpU4SqL._SL500_.jpg" alt="Product Image"></a><p>PHILIP B. Gentle Conditioning Shampoo 32 oz. (947 ml) | Light-weight Hair Moisturizer, Protecting Color, Adds Softness and Shine</p><p>$115.00 ($3.59 / Fl Oz)</p><a href="https://www.amazon.com/dp/B00BXFGBAY?tag=eloabder-20&linkCode=osi&th=1&psc=1">View Product</a></div>


<div class="product"><a href="https://www.amazon.com/dp/B07P9RWTVK?tag=eloabder-20&linkCode=osi&th=1&psc=1"><img src="https://m.media-amazon.com/images/I/51UYs9+XaEL._SL500_.jpg" alt="Product Image"></a><p>Cczmfeas Boys Toddler Dinosaur Cotton Underwear Boxer Briefs 6 Pack (6-8 Years, C- 6 Pack) Navy</p><p>$14.99</p><a href="https://www.amazon.com/dp/B07P9RWTVK?tag=eloabder-20&linkCode=osi&th=1&psc=1">View Product</a></div>






















<div class="product"><a href="https://www.amazon.com/dp/B00VTVE4Z6?tag=eloabder-20&linkCode=osi&th=1&psc=1"><img src="https://m.media-amazon.com/images/I/21Gp9b3ASJL._SL500_.jpg" alt="Product Image"></a><p>Fruit Of The Loom Boys Eversoft Cotton Undershirts, T Shirts & Tank Tops Underwear, T Shirt - Boys - 5 Pack - White, X-Large US</p><p>$9.99</p><a href="https://www.amazon.com/dp/B00VTVE4Z6?tag=eloabder-20&linkCode=osi&th=1&psc=1">View Product</a></div>

<div class="product"><a href="https://www.amazon.com/dp/B07T8C2FGP?tag=eloabder-20&linkCode=osi&th=1&psc=1"><img src="https://m.media-amazon.com/images/I/11REPowhbuL._SL500_.jpg" alt="Product Image"></a><p>Hanes Boys' Tank Undershirt, EcoSmart Cotton Shirt, Multiple Packs Available, White, Small</p><p>$9.00</p><a href="https://www.amazon.com/dp/B07T8C2FGP?tag=eloabder-20&linkCode=osi&th=1&psc=1">View Product</a></div><div class="product"><a href="https://www.amazon.com/dp/B07GLLY1B5?tag=eloabder-20&linkCode=osi&th=1&psc=1"><img src="https://m.media-amazon.com/images/I/21jImswBMOL._SL500_.jpg" alt="Product Image"></a><p>Fruit Of The Loom Boys Eversoft Cotton Undershirts, T Shirts & Tank Tops Underwear, Tank - Boys - 10 Pack - White, Small US</p><p>$18.99</p><a href="https://www.amazon.com/dp/B07GLLY1B5?tag=eloabder-20&linkCode=osi&th=1&psc=1">View Product</a></div>

















<div class="product"><a href="https://www.amazon.com/dp/B0CC6T1BXL?tag=eloabder-20&linkCode=osi&th=1&psc=1"><img src="https://m.media-amazon.com/images/I/51QfOhhRTAL._SL500_.jpg" alt="Product Image"></a><p>Hanes Boys' Big Performance Tween Boxer Brief Pack, X-Temp Mesh Underwear, Assorted, 6-Pack, Black/Blue/Green/Grey-6 Pack, X-Large</p><p>$16.13</p><a href="https://www.amazon.com/dp/B0CC6T1BXL?tag=eloabder-20&linkCode=osi&th=1&psc=1">View Product</a></div>
<div class="product"><a href="https://www.amazon.com/dp/B0CC6VPJ9T?tag=eloabder-20&linkCode=osi&th=1&psc=1"><img src="https://m.media-amazon.com/images/I/51QfOhhRTAL._SL500_.jpg" alt="Product Image"></a><p>Hanes Boys' Big Performance Tween Boxer Brief Pack, X-Temp Mesh Underwear, Assorted, Black/Blue/Green/Grey - 6 Pack, Small</p><p>$15.29</p><a href="https://www.amazon.com/dp/B0CC6VPJ9T?tag=eloabder-20&linkCode=osi&th=1&psc=1">View Product</a></div><div class="product"><a href="https://www.amazon.com/dp/B0BHX9MGTV?tag=eloabder-20&linkCode=osi&th=1&psc=1"><img src="https://m.media-amazon.com/images/I/41xmYCCb5TL._SL500_.jpg" alt="Product Image"></a><p>Hanes Men's Boys Boxer Briefs Pack, Cool Comfort Tagless Underwear, 7-Pack, Assorted, Large</p><p>$13.00</p><a href="https://www.amazon.com/dp/B0BHX9MGTV?tag=eloabder-20&linkCode=osi&th=1&psc=1">View Product</a></div><div class="product"><a href="https://www.amazon.com/dp/B071JVXMBW?tag=eloabder-20&linkCode=osi&th=1&psc=1"><img src="https://m.media-amazon.com/images/I/41dDO730qNL._SL500_.jpg" alt="Product Image"></a><p>Hanes Boys' and Toddler Underwear, Comfort Flex and ComfortSoft Boxer Briefs, Multiple Packs Available, Assorted-7 Pack, Large</p><p>$13.00</p><a href="https://www.amazon.com/dp/B071JVXMBW?tag=eloabder-20&linkCode=osi&th=1&psc=1">View Product</a></div>
<div class="product"><a href="https://www.amazon.com/dp/B0BHX978MW?tag=eloabder-20&linkCode=osi&th=1&psc=1"><img src="https://m.media-amazon.com/images/I/41DVOhGuwJL._SL500_.jpg" alt="Product Image"></a><p>Hanes Boys' and Toddler Underwear, Comfort Flex and ComfortSoft Boxer Briefs, Multiple Packs Available, Solids/Prints Assorted-pack of 10, Large</p><p>$18.49</p><a href="https://www.amazon.com/dp/B0BHX978MW?tag=eloabder-20&linkCode=osi&th=1&psc=1">View Product</a></div>
<div class="product"><a href="https://www.amazon.com/dp/B0BHXBJPZ6?tag=eloabder-20&linkCode=osi&th=1&psc=1"><img src="https://m.media-amazon.com/images/I/41xmYCCb5TL._SL500_.jpg" alt="Product Image"></a><p>Hanes Men's Boys Boxer Briefs Pack, Cool Comfort Tagless Underwear, 7-Pack, Assorted, Small</p><p>$13.00</p><a href="https://www.amazon.com/dp/B0BHXBJPZ6?tag=eloabder-20&linkCode=osi&th=1&psc=1">View Product</a></div><div class="product"><a href="https://www.amazon.com/dp/B07T9FYQS8?tag=eloabder-20&linkCode=osi&th=1&psc=1"><img src="https://m.media-amazon.com/images/I/41hpu+H+4BS._SL500_.jpg" alt="Product Image"></a><p>Hanes Boys' X-Temp Boxer Briefs, Moisture Wicking Breathable Underwear, Tagless, Assorted 6 Pack, Medium</p><p>$14.45</p><a href="https://www.amazon.com/dp/B07T9FYQS8?tag=eloabder-20&linkCode=osi&th=1&psc=1">View Product</a></div>
<div class="product"><a href="https://www.amazon.com/dp/B00S4GMSOI?tag=eloabder-20&linkCode=osi&th=1&psc=1"><img src="https://m.media-amazon.com/images/I/31iFPCkYcTL._SL500_.jpg" alt="Product Image"></a><p>Hanes Boys Socks, Double Tough Cushioned Crew 12-pair Packs Athletic-socks, White/Grey Bottom, Large US</p><p>$9.99</p><a href="https://www.amazon.com/dp/B00S4GMSOI?tag=eloabder-20&linkCode=osi&th=1&psc=1">View Product</a></div>



























<div class="product"><a href="https://www.amazon.com/dp/B07VWPNFMD?tag=eloabder-20&linkCode=osi&th=1&psc=1"><img src="https://m.media-amazon.com/images/I/41LJTb0eozL._SL500_.jpg" alt="Product Image"></a><p>Under Armour Youth Training Cotton Crew Socks, Multipairs , Black (6-Pairs) , Small</p><p>$17.99</p><a href="https://www.amazon.com/dp/B07VWPNFMD?tag=eloabder-20&linkCode=osi&th=1&psc=1">View Product</a></div>
<div class="product"><a href="https://www.amazon.com/dp/B00BXFGBAY?tag=eloabder-20&linkCode=osi&th=1&psc=1"><img src="https://m.media-amazon.com/images/I/31u+gpU4SqL._SL500_.jpg" alt="Product Image"></a><p>PHILIP B. Gentle Conditioning Shampoo 32 oz. (947 ml) | Light-weight Hair Moisturizer, Protecting Color, Adds Softness and Shine</p><p>$115.00 ($3.59 / Fl Oz)</p><a href="https://www.amazon.com/dp/B00BXFGBAY?tag=eloabder-20&linkCode=osi&th=1&psc=1">View Product</a></div>


<div class="product"><a href="https://www.amazon.com/dp/B07P9RWTVK?tag=eloabder-20&linkCode=osi&th=1&psc=1"><img src="https://m.media-amazon.com/images/I/51UYs9+XaEL._SL500_.jpg" alt="Product Image"></a><p>Cczmfeas Boys Toddler Dinosaur Cotton Underwear Boxer Briefs 6 Pack (6-8 Years, C- 6 Pack) Navy</p><p>$14.99</p><a href="https://www.amazon.com/dp/B07P9RWTVK?tag=eloabder-20&linkCode=osi&th=1&psc=1">View Product</a></div>























<div class="product"><a href="https://www.amazon.com/dp/B00VTVE4Z6?tag=eloabder-20&linkCode=osi&th=1&psc=1"><img src="https://m.media-amazon.com/images/I/21Gp9b3ASJL._SL500_.jpg" alt="Product Image"></a><p>Fruit Of The Loom Boys Eversoft Cotton Undershirts, T Shirts & Tank Tops Underwear, T Shirt - Boys - 5 Pack - White, X-Large US</p><p>$9.99</p><a href="https://www.amazon.com/dp/B00VTVE4Z6?tag=eloabder-20&linkCode=osi&th=1&psc=1">View Product</a></div>

<div class="product"><a href="https://www.amazon.com/dp/B07T8C2FGP?tag=eloabder-20&linkCode=osi&th=1&psc=1"><img src="https://m.media-amazon.com/images/I/11REPowhbuL._SL500_.jpg" alt="Product Image"></a><p>Hanes Boys' Tank Undershirt, EcoSmart Cotton Shirt, Multiple Packs Available, White, Small</p><p>$9.00</p><a href="https://www.amazon.com/dp/B07T8C2FGP?tag=eloabder-20&linkCode=osi&th=1&psc=1">View Product</a></div><div class="product"><a href="https://www.amazon.com/dp/B07GLLY1B5?tag=eloabder-20&linkCode=osi&th=1&psc=1"><img src="https://m.media-amazon.com/images/I/21jImswBMOL._SL500_.jpg" alt="Product Image"></a><p>Fruit Of The Loom Boys Eversoft Cotton Undershirts, T Shirts & Tank Tops Underwear, Tank - Boys - 10 Pack - White, Small US</p><p>$18.99</p><a href="https://www.amazon.com/dp/B07GLLY1B5?tag=eloabder-20&linkCode=osi&th=1&psc=1">View Product</a></div>

















<div class="product"><a href="https://www.amazon.com/dp/B0CC6T1BXL?tag=eloabder-20&linkCode=osi&th=1&psc=1"><img src="https://m.media-amazon.com/images/I/51QfOhhRTAL._SL500_.jpg" alt="Product Image"></a><p>Hanes Boys' Big Performance Tween Boxer Brief Pack, X-Temp Mesh Underwear, Assorted, 6-Pack, Black/Blue/Green/Grey-6 Pack, X-Large</p><p>$16.13</p><a href="https://www.amazon.com/dp/B0CC6T1BXL?tag=eloabder-20&linkCode=osi&th=1&psc=1">View Product</a></div>
<div class="product"><a href="https://www.amazon.com/dp/B0CC6VPJ9T?tag=eloabder-20&linkCode=osi&th=1&psc=1"><img src="https://m.media-amazon.com/images/I/51QfOhhRTAL._SL500_.jpg" alt="Product Image"></a><p>Hanes Boys' Big Performance Tween Boxer Brief Pack, X-Temp Mesh Underwear, Assorted, Black/Blue/Green/Grey - 6 Pack, Small</p><p>$15.29</p><a href="https://www.amazon.com/dp/B0CC6VPJ9T?tag=eloabder-20&linkCode=osi&th=1&psc=1">View Product</a></div><div class="product"><a href="https://www.amazon.com/dp/B0BHX9MGTV?tag=eloabder-20&linkCode=osi&th=1&psc=1"><img src="https://m.media-amazon.com/images/I/41xmYCCb5TL._SL500_.jpg" alt="Product Image"></a><p>Hanes Men's Boys Boxer Briefs Pack, Cool Comfort Tagless Underwear, 7-Pack, Assorted, Large</p><p>$13.00</p><a href="https://www.amazon.com/dp/B0BHX9MGTV?tag=eloabder-20&linkCode=osi&th=1&psc=1">View Product</a></div><div class="product"><a href="https://www.amazon.com/dp/B071JVXMBW?tag=eloabder-20&linkCode=osi&th=1&psc=1"><img src="https://m.media-amazon.com/images/I/41dDO730qNL._SL500_.jpg" alt="Product Image"></a><p>Hanes Boys' and Toddler Underwear, Comfort Flex and ComfortSoft Boxer Briefs, Multiple Packs Available, Assorted-7 Pack, Large</p><p>$13.00</p><a href="https://www.amazon.com/dp/B071JVXMBW?tag=eloabder-20&linkCode=osi&th=1&psc=1">View Product</a></div>
<div class="product"><a href="https://www.amazon.com/dp/B0BHX978MW?tag=eloabder-20&linkCode=osi&th=1&psc=1"><img src="https://m.media-amazon.com/images/I/41DVOhGuwJL._SL500_.jpg" alt="Product Image"></a><p>Hanes Boys' and Toddler Underwear, Comfort Flex and ComfortSoft Boxer Briefs, Multiple Packs Available, Solids/Prints Assorted-pack of 10, Large</p><p>$18.49</p><a href="https://www.amazon.com/dp/B0BHX978MW?tag=eloabder-20&linkCode=osi&th=1&psc=1">View Product</a></div>
<div class="product"><a href="https://www.amazon.com/dp/B0BHXBJPZ6?tag=eloabder-20&linkCode=osi&th=1&psc=1"><img src="https://m.media-amazon.com/images/I/41xmYCCb5TL._SL500_.jpg" alt="Product Image"></a><p>Hanes Men's Boys Boxer Briefs Pack, Cool Comfort Tagless Underwear, 7-Pack, Assorted, Small</p><p>$13.00</p><a href="https://www.amazon.com/dp/B0BHXBJPZ6?tag=eloabder-20&linkCode=osi&th=1&psc=1">View Product</a></div><div class="product"><a href="https://www.amazon.com/dp/B07T9FYQS8?tag=eloabder-20&linkCode=osi&th=1&psc=1"><img src="https://m.media-amazon.com/images/I/41hpu+H+4BS._SL500_.jpg" alt="Product Image"></a><p>Hanes Boys' X-Temp Boxer Briefs, Moisture Wicking Breathable Underwear, Tagless, Assorted 6 Pack, Medium</p><p>$14.45</p><a href="https://www.amazon.com/dp/B07T9FYQS8?tag=eloabder-20&linkCode=osi&th=1&psc=1">View Product</a></div>
<div class="product"><a href="https://www.amazon.com/dp/B00S4GMSOI?tag=eloabder-20&linkCode=osi&th=1&psc=1"><img src="https://m.media-amazon.com/images/I/31iFPCkYcTL._SL500_.jpg" alt="Product Image"></a><p>Hanes Boys Socks, Double Tough Cushioned Crew 12-pair Packs Athletic-socks, White/Grey Bottom, Large US</p><p>$9.99</p><a href="https://www.amazon.com/dp/B00S4GMSOI?tag=eloabder-20&linkCode=osi&th=1&psc=1">View Product</a></div>



























<div class="product"><a href="https://www.amazon.com/dp/B07VWPNFMD?tag=eloabder-20&linkCode=osi&th=1&psc=1"><img src="https://m.media-amazon.com/images/I/41LJTb0eozL._SL500_.jpg" alt="Product Image"></a><p>Under Armour Youth Training Cotton Crew Socks, Multipairs , Black (6-Pairs) , Small</p><p>$17.99</p><a href="https://www.amazon.com/dp/B07VWPNFMD?tag=eloabder-20&linkCode=osi&th=1&psc=1">View Product</a></div>
<div class="product"><a href="https://www.amazon.com/dp/B00BXFGBAY?tag=eloabder-20&linkCode=osi&th=1&psc=1"><img src="https://m.media-amazon.com/images/I/31u+gpU4SqL._SL500_.jpg" alt="Product Image"></a><p>PHILIP B. Gentle Conditioning Shampoo 32 oz. (947 ml) | Light-weight Hair Moisturizer, Protecting Color, Adds Softness and Shine</p><p>$115.00 ($3.59 / Fl Oz)</p><a href="https://www.amazon.com/dp/B00BXFGBAY?tag=eloabder-20&linkCode=osi&th=1&psc=1">View Product</a></div>


<div class="product"><a href="https://www.amazon.com/dp/B07P9RWTVK?tag=eloabder-20&linkCode=osi&th=1&psc=1"><img src="https://m.media-amazon.com/images/I/51UYs9+XaEL._SL500_.jpg" alt="Product Image"></a><p>Cczmfeas Boys Toddler Dinosaur Cotton Underwear Boxer Briefs 6 Pack (6-8 Years, C- 6 Pack) Navy</p><p>$14.99</p><a href="https://www.amazon.com/dp/B07P9RWTVK?tag=eloabder-20&linkCode=osi&th=1&psc=1">View Product</a></div>
























<div class="product"><a href="https://www.amazon.com/dp/B00VTVE4Z6?tag=eloabder-20&linkCode=osi&th=1&psc=1"><img src="https://m.media-amazon.com/images/I/21Gp9b3ASJL._SL500_.jpg" alt="Product Image"></a><p>Fruit Of The Loom Boys Eversoft Cotton Undershirts, T Shirts & Tank Tops Underwear, T Shirt - Boys - 5 Pack - White, X-Large US</p><p>$9.99</p><a href="https://www.amazon.com/dp/B00VTVE4Z6?tag=eloabder-20&linkCode=osi&th=1&psc=1">View Product</a></div>

<div class="product"><a href="https://www.amazon.com/dp/B07T8C2FGP?tag=eloabder-20&linkCode=osi&th=1&psc=1"><img src="https://m.media-amazon.com/images/I/11REPowhbuL._SL500_.jpg" alt="Product Image"></a><p>Hanes Boys' Tank Undershirt, EcoSmart Cotton Shirt, Multiple Packs Available, White, Small</p><p>$9.00</p><a href="https://www.amazon.com/dp/B07T8C2FGP?tag=eloabder-20&linkCode=osi&th=1&psc=1">View Product</a></div><div class="product"><a href="https://www.amazon.com/dp/B07GLLY1B5?tag=eloabder-20&linkCode=osi&th=1&psc=1"><img src="https://m.media-amazon.com/images/I/21jImswBMOL._SL500_.jpg" alt="Product Image"></a><p>Fruit Of The Loom Boys Eversoft Cotton Undershirts, T Shirts & Tank Tops Underwear, Tank - Boys - 10 Pack - White, Small US</p><p>$18.99</p><a href="https://www.amazon.com/dp/B07GLLY1B5?tag=eloabder-20&linkCode=osi&th=1&psc=1">View Product</a></div>

















<div class="product"><a href="https://www.amazon.com/dp/B0CC6T1BXL?tag=eloabder-20&linkCode=osi&th=1&psc=1"><img src="https://m.media-amazon.com/images/I/51QfOhhRTAL._SL500_.jpg" alt="Product Image"></a><p>Hanes Boys' Big Performance Tween Boxer Brief Pack, X-Temp Mesh Underwear, Assorted, 6-Pack, Black/Blue/Green/Grey-6 Pack, X-Large</p><p>$16.13</p><a href="https://www.amazon.com/dp/B0CC6T1BXL?tag=eloabder-20&linkCode=osi&th=1&psc=1">View Product</a></div>
<div class="product"><a href="https://www.amazon.com/dp/B0CC6VPJ9T?tag=eloabder-20&linkCode=osi&th=1&psc=1"><img src="https://m.media-amazon.com/images/I/51QfOhhRTAL._SL500_.jpg" alt="Product Image"></a><p>Hanes Boys' Big Performance Tween Boxer Brief Pack, X-Temp Mesh Underwear, Assorted, Black/Blue/Green/Grey - 6 Pack, Small</p><p>$15.29</p><a href="https://www.amazon.com/dp/B0CC6VPJ9T?tag=eloabder-20&linkCode=osi&th=1&psc=1">View Product</a></div><div class="product"><a href="https://www.amazon.com/dp/B0BHX9MGTV?tag=eloabder-20&linkCode=osi&th=1&psc=1"><img src="https://m.media-amazon.com/images/I/41xmYCCb5TL._SL500_.jpg" alt="Product Image"></a><p>Hanes Men's Boys Boxer Briefs Pack, Cool Comfort Tagless Underwear, 7-Pack, Assorted, Large</p><p>$13.00</p><a href="https://www.amazon.com/dp/B0BHX9MGTV?tag=eloabder-20&linkCode=osi&th=1&psc=1">View Product</a></div><div class="product"><a href="https://www.amazon.com/dp/B071JVXMBW?tag=eloabder-20&linkCode=osi&th=1&psc=1"><img src="https://m.media-amazon.com/images/I/41dDO730qNL._SL500_.jpg" alt="Product Image"></a><p>Hanes Boys' and Toddler Underwear, Comfort Flex and ComfortSoft Boxer Briefs, Multiple Packs Available, Assorted-7 Pack, Large</p><p>$13.00</p><a href="https://www.amazon.com/dp/B071JVXMBW?tag=eloabder-20&linkCode=osi&th=1&psc=1">View Product</a></div>
<div class="product"><a href="https://www.amazon.com/dp/B0BHX978MW?tag=eloabder-20&linkCode=osi&th=1&psc=1"><img src="https://m.media-amazon.com/images/I/41DVOhGuwJL._SL500_.jpg" alt="Product Image"></a><p>Hanes Boys' and Toddler Underwear, Comfort Flex and ComfortSoft Boxer Briefs, Multiple Packs Available, Solids/Prints Assorted-pack of 10, Large</p><p>$18.49</p><a href="https://www.amazon.com/dp/B0BHX978MW?tag=eloabder-20&linkCode=osi&th=1&psc=1">View Product</a></div>
<div class="product"><a href="https://www.amazon.com/dp/B0BHXBJPZ6?tag=eloabder-20&linkCode=osi&th=1&psc=1"><img src="https://m.media-amazon.com/images/I/41xmYCCb5TL._SL500_.jpg" alt="Product Image"></a><p>Hanes Men's Boys Boxer Briefs Pack, Cool Comfort Tagless Underwear, 7-Pack, Assorted, Small</p><p>$13.00</p><a href="https://www.amazon.com/dp/B0BHXBJPZ6?tag=eloabder-20&linkCode=osi&th=1&psc=1">View Product</a></div><div class="product"><a href="https://www.amazon.com/dp/B07T9FYQS8?tag=eloabder-20&linkCode=osi&th=1&psc=1"><img src="https://m.media-amazon.com/images/I/41hpu+H+4BS._SL500_.jpg" alt="Product Image"></a><p>Hanes Boys' X-Temp Boxer Briefs, Moisture Wicking Breathable Underwear, Tagless, Assorted 6 Pack, Medium</p><p>$14.45</p><a href="https://www.amazon.com/dp/B07T9FYQS8?tag=eloabder-20&linkCode=osi&th=1&psc=1">View Product</a></div>
<div class="product"><a href="https://www.amazon.com/dp/B00S4GMSOI?tag=eloabder-20&linkCode=osi&th=1&psc=1"><img src="https://m.media-amazon.com/images/I/31iFPCkYcTL._SL500_.jpg" alt="Product Image"></a><p>Hanes Boys Socks, Double Tough Cushioned Crew 12-pair Packs Athletic-socks, White/Grey Bottom, Large US</p><p>$9.99</p><a href="https://www.amazon.com/dp/B00S4GMSOI?tag=eloabder-20&linkCode=osi&th=1&psc=1">View Product</a></div>



























<div class="product"><a href="https://www.amazon.com/dp/B07VWPNFMD?tag=eloabder-20&linkCode=osi&th=1&psc=1"><img src="https://m.media-amazon.com/images/I/41LJTb0eozL._SL500_.jpg" alt="Product Image"></a><p>Under Armour Youth Training Cotton Crew Socks, Multipairs , Black (6-Pairs) , Small</p><p>$17.99</p><a href="https://www.amazon.com/dp/B07VWPNFMD?tag=eloabder-20&linkCode=osi&th=1&psc=1">View Product</a></div>
<div class="product"><a href="https://www.amazon.com/dp/B00BXFGBAY?tag=eloabder-20&linkCode=osi&th=1&psc=1"><img src="https://m.media-amazon.com/images/I/31u+gpU4SqL._SL500_.jpg" alt="Product Image"></a><p>PHILIP B. Gentle Conditioning Shampoo 32 oz. (947 ml) | Light-weight Hair Moisturizer, Protecting Color, Adds Softness and Shine</p><p>$115.00 ($3.59 / Fl Oz)</p><a href="https://www.amazon.com/dp/B00BXFGBAY?tag=eloabder-20&linkCode=osi&th=1&psc=1">View Product</a></div>


<div class="product"><a href="https://www.amazon.com/dp/B07P9RWTVK?tag=eloabder-20&linkCode=osi&th=1&psc=1"><img src="https://m.media-amazon.com/images/I/51UYs9+XaEL._SL500_.jpg" alt="Product Image"></a><p>Cczmfeas Boys Toddler Dinosaur Cotton Underwear Boxer Briefs 6 Pack (6-8 Years, C- 6 Pack) Navy</p><p>$14.99</p><a href="https://www.amazon.com/dp/B07P9RWTVK?tag=eloabder-20&linkCode=osi&th=1&psc=1">View Product</a></div>

























<div class="product"><a href="https://www.amazon.com/dp/B00VTVE4Z6?tag=eloabder-20&linkCode=osi&th=1&psc=1"><img src="https://m.media-amazon.com/images/I/21Gp9b3ASJL._SL500_.jpg" alt="Product Image"></a><p>Fruit Of The Loom Boys Eversoft Cotton Undershirts, T Shirts & Tank Tops Underwear, T Shirt - Boys - 5 Pack - White, X-Large US</p><p>$9.99</p><a href="https://www.amazon.com/dp/B00VTVE4Z6?tag=eloabder-20&linkCode=osi&th=1&psc=1">View Product</a></div>

<div class="product"><a href="https://www.amazon.com/dp/B07T8C2FGP?tag=eloabder-20&linkCode=osi&th=1&psc=1"><img src="https://m.media-amazon.com/images/I/11REPowhbuL._SL500_.jpg" alt="Product Image"></a><p>Hanes Boys' Tank Undershirt, EcoSmart Cotton Shirt, Multiple Packs Available, White, Small</p><p>$9.00</p><a href="https://www.amazon.com/dp/B07T8C2FGP?tag=eloabder-20&linkCode=osi&th=1&psc=1">View Product</a></div><div class="product"><a href="https://www.amazon.com/dp/B07GLLY1B5?tag=eloabder-20&linkCode=osi&th=1&psc=1"><img src="https://m.media-amazon.com/images/I/21jImswBMOL._SL500_.jpg" alt="Product Image"></a><p>Fruit Of The Loom Boys Eversoft Cotton Undershirts, T Shirts & Tank Tops Underwear, Tank - Boys - 10 Pack - White, Small US</p><p>$18.99</p><a href="https://www.amazon.com/dp/B07GLLY1B5?tag=eloabder-20&linkCode=osi&th=1&psc=1">View Product</a></div>

















<div class="product"><a href="https://www.amazon.com/dp/B0CC6T1BXL?tag=eloabder-20&linkCode=osi&th=1&psc=1"><img src="https://m.media-amazon.com/images/I/51QfOhhRTAL._SL500_.jpg" alt="Product Image"></a><p>Hanes Boys' Big Performance Tween Boxer Brief Pack, X-Temp Mesh Underwear, Assorted, 6-Pack, Black/Blue/Green/Grey-6 Pack, X-Large</p><p>$16.13</p><a href="https://www.amazon.com/dp/B0CC6T1BXL?tag=eloabder-20&linkCode=osi&th=1&psc=1">View Product</a></div>
<div class="product"><a href="https://www.amazon.com/dp/B0CC6VPJ9T?tag=eloabder-20&linkCode=osi&th=1&psc=1"><img src="https://m.media-amazon.com/images/I/51QfOhhRTAL._SL500_.jpg" alt="Product Image"></a><p>Hanes Boys' Big Performance Tween Boxer Brief Pack, X-Temp Mesh Underwear, Assorted, Black/Blue/Green/Grey - 6 Pack, Small</p><p>$15.29</p><a href="https://www.amazon.com/dp/B0CC6VPJ9T?tag=eloabder-20&linkCode=osi&th=1&psc=1">View Product</a></div><div class="product"><a href="https://www.amazon.com/dp/B0BHX9MGTV?tag=eloabder-20&linkCode=osi&th=1&psc=1"><img src="https://m.media-amazon.com/images/I/41xmYCCb5TL._SL500_.jpg" alt="Product Image"></a><p>Hanes Men's Boys Boxer Briefs Pack, Cool Comfort Tagless Underwear, 7-Pack, Assorted, Large</p><p>$13.00</p><a href="https://www.amazon.com/dp/B0BHX9MGTV?tag=eloabder-20&linkCode=osi&th=1&psc=1">View Product</a></div><div class="product"><a href="https://www.amazon.com/dp/B071JVXMBW?tag=eloabder-20&linkCode=osi&th=1&psc=1"><img src="https://m.media-amazon.com/images/I/41dDO730qNL._SL500_.jpg" alt="Product Image"></a><p>Hanes Boys' and Toddler Underwear, Comfort Flex and ComfortSoft Boxer Briefs, Multiple Packs Available, Assorted-7 Pack, Large</p><p>$13.00</p><a href="https://www.amazon.com/dp/B071JVXMBW?tag=eloabder-20&linkCode=osi&th=1&psc=1">View Product</a></div>
<div class="product"><a href="https://www.amazon.com/dp/B0BHX978MW?tag=eloabder-20&linkCode=osi&th=1&psc=1"><img src="https://m.media-amazon.com/images/I/41DVOhGuwJL._SL500_.jpg" alt="Product Image"></a><p>Hanes Boys' and Toddler Underwear, Comfort Flex and ComfortSoft Boxer Briefs, Multiple Packs Available, Solids/Prints Assorted-pack of 10, Large</p><p>$18.49</p><a href="https://www.amazon.com/dp/B0BHX978MW?tag=eloabder-20&linkCode=osi&th=1&psc=1">View Product</a></div>
<div class="product"><a href="https://www.amazon.com/dp/B0BHXBJPZ6?tag=eloabder-20&linkCode=osi&th=1&psc=1"><img src="https://m.media-amazon.com/images/I/41xmYCCb5TL._SL500_.jpg" alt="Product Image"></a><p>Hanes Men's Boys Boxer Briefs Pack, Cool Comfort Tagless Underwear, 7-Pack, Assorted, Small</p><p>$13.00</p><a href="https://www.amazon.com/dp/B0BHXBJPZ6?tag=eloabder-20&linkCode=osi&th=1&psc=1">View Product</a></div><div class="product"><a href="https://www.amazon.com/dp/B07T9FYQS8?tag=eloabder-20&linkCode=osi&th=1&psc=1"><img src="https://m.media-amazon.com/images/I/41hpu+H+4BS._SL500_.jpg" alt="Product Image"></a><p>Hanes Boys' X-Temp Boxer Briefs, Moisture Wicking Breathable Underwear, Tagless, Assorted 6 Pack, Medium</p><p>$14.45</p><a href="https://www.amazon.com/dp/B07T9FYQS8?tag=eloabder-20&linkCode=osi&th=1&psc=1">View Product</a></div>
<div class="product"><a href="https://www.amazon.com/dp/B00S4GMSOI?tag=eloabder-20&linkCode=osi&th=1&psc=1"><img src="https://m.media-amazon.com/images/I/31iFPCkYcTL._SL500_.jpg" alt="Product Image"></a><p>Hanes Boys Socks, Double Tough Cushioned Crew 12-pair Packs Athletic-socks, White/Grey Bottom, Large US</p><p>$9.99</p><a href="https://www.amazon.com/dp/B00S4GMSOI?tag=eloabder-20&linkCode=osi&th=1&psc=1">View Product</a></div>



























<div class="product"><a href="https://www.amazon.com/dp/B07VWPNFMD?tag=eloabder-20&linkCode=osi&th=1&psc=1"><img src="https://m.media-amazon.com/images/I/41LJTb0eozL._SL500_.jpg" alt="Product Image"></a><p>Under Armour Youth Training Cotton Crew Socks, Multipairs , Black (6-Pairs) , Small</p><p>$17.99</p><a href="https://www.amazon.com/dp/B07VWPNFMD?tag=eloabder-20&linkCode=osi&th=1&psc=1">View Product</a></div>
<div class="product"><a href="https://www.amazon.com/dp/B00BXFGBAY?tag=eloabder-20&linkCode=osi&th=1&psc=1"><img src="https://m.media-amazon.com/images/I/31u+gpU4SqL._SL500_.jpg" alt="Product Image"></a><p>PHILIP B. Gentle Conditioning Shampoo 32 oz. (947 ml) | Light-weight Hair Moisturizer, Protecting Color, Adds Softness and Shine</p><p>$115.00 ($3.59 / Fl Oz)</p><a href="https://www.amazon.com/dp/B00BXFGBAY?tag=eloabder-20&linkCode=osi&th=1&psc=1">View Product</a></div>


<div class="product"><a href="https://www.amazon.com/dp/B07P9RWTVK?tag=eloabder-20&linkCode=osi&th=1&psc=1"><img src="https://m.media-amazon.com/images/I/51UYs9+XaEL._SL500_.jpg" alt="Product Image"></a><p>Cczmfeas Boys Toddler Dinosaur Cotton Underwear Boxer Briefs 6 Pack (6-8 Years, C- 6 Pack) Navy</p><p>$14.99</p><a href="https://www.amazon.com/dp/B07P9RWTVK?tag=eloabder-20&linkCode=osi&th=1&psc=1">View Product</a></div>


























<div class="product"><a href="https://www.amazon.com/dp/B00VTVE4Z6?tag=eloabder-20&linkCode=osi&th=1&psc=1"><img src="https://m.media-amazon.com/images/I/21Gp9b3ASJL._SL500_.jpg" alt="Product Image"></a><p>Fruit Of The Loom Boys Eversoft Cotton Undershirts, T Shirts & Tank Tops Underwear, T Shirt - Boys - 5 Pack - White, X-Large US</p><p>$9.99</p><a href="https://www.amazon.com/dp/B00VTVE4Z6?tag=eloabder-20&linkCode=osi&th=1&psc=1">View Product</a></div>

<div class="product"><a href="https://www.amazon.com/dp/B07T8C2FGP?tag=eloabder-20&linkCode=osi&th=1&psc=1"><img src="https://m.media-amazon.com/images/I/11REPowhbuL._SL500_.jpg" alt="Product Image"></a><p>Hanes Boys' Tank Undershirt, EcoSmart Cotton Shirt, Multiple Packs Available, White, Small</p><p>$9.00</p><a href="https://www.amazon.com/dp/B07T8C2FGP?tag=eloabder-20&linkCode=osi&th=1&psc=1">View Product</a></div><div class="product"><a href="https://www.amazon.com/dp/B07GLLY1B5?tag=eloabder-20&linkCode=osi&th=1&psc=1"><img src="https://m.media-amazon.com/images/I/21jImswBMOL._SL500_.jpg" alt="Product Image"></a><p>Fruit Of The Loom Boys Eversoft Cotton Undershirts, T Shirts & Tank Tops Underwear, Tank - Boys - 10 Pack - White, Small US</p><p>$18.99</p><a href="https://www.amazon.com/dp/B07GLLY1B5?tag=eloabder-20&linkCode=osi&th=1&psc=1">View Product</a></div>

















<div class="product"><a href="https://www.amazon.com/dp/B0CC6T1BXL?tag=eloabder-20&linkCode=osi&th=1&psc=1"><img src="https://m.media-amazon.com/images/I/51QfOhhRTAL._SL500_.jpg" alt="Product Image"></a><p>Hanes Boys' Big Performance Tween Boxer Brief Pack, X-Temp Mesh Underwear, Assorted, 6-Pack, Black/Blue/Green/Grey-6 Pack, X-Large</p><p>$16.13</p><a href="https://www.amazon.com/dp/B0CC6T1BXL?tag=eloabder-20&linkCode=osi&th=1&psc=1">View Product</a></div>
<div class="product"><a href="https://www.amazon.com/dp/B0CC6VPJ9T?tag=eloabder-20&linkCode=osi&th=1&psc=1"><img src="https://m.media-amazon.com/images/I/51QfOhhRTAL._SL500_.jpg" alt="Product Image"></a><p>Hanes Boys' Big Performance Tween Boxer Brief Pack, X-Temp Mesh Underwear, Assorted, Black/Blue/Green/Grey - 6 Pack, Small</p><p>$15.29</p><a href="https://www.amazon.com/dp/B0CC6VPJ9T?tag=eloabder-20&linkCode=osi&th=1&psc=1">View Product</a></div><div class="product"><a href="https://www.amazon.com/dp/B0BHX9MGTV?tag=eloabder-20&linkCode=osi&th=1&psc=1"><img src="https://m.media-amazon.com/images/I/41xmYCCb5TL._SL500_.jpg" alt="Product Image"></a><p>Hanes Men's Boys Boxer Briefs Pack, Cool Comfort Tagless Underwear, 7-Pack, Assorted, Large</p><p>$13.00</p><a href="https://www.amazon.com/dp/B0BHX9MGTV?tag=eloabder-20&linkCode=osi&th=1&psc=1">View Product</a></div><div class="product"><a href="https://www.amazon.com/dp/B071JVXMBW?tag=eloabder-20&linkCode=osi&th=1&psc=1"><img src="https://m.media-amazon.com/images/I/41dDO730qNL._SL500_.jpg" alt="Product Image"></a><p>Hanes Boys' and Toddler Underwear, Comfort Flex and ComfortSoft Boxer Briefs, Multiple Packs Available, Assorted-7 Pack, Large</p><p>$13.00</p><a href="https://www.amazon.com/dp/B071JVXMBW?tag=eloabder-20&linkCode=osi&th=1&psc=1">View Product</a></div>
<div class="product"><a href="https://www.amazon.com/dp/B0BHX978MW?tag=eloabder-20&linkCode=osi&th=1&psc=1"><img src="https://m.media-amazon.com/images/I/41DVOhGuwJL._SL500_.jpg" alt="Product Image"></a><p>Hanes Boys' and Toddler Underwear, Comfort Flex and ComfortSoft Boxer Briefs, Multiple Packs Available, Solids/Prints Assorted-pack of 10, Large</p><p>$18.49</p><a href="https://www.amazon.com/dp/B0BHX978MW?tag=eloabder-20&linkCode=osi&th=1&psc=1">View Product</a></div>
<div class="product"><a href="https://www.amazon.com/dp/B0BHXBJPZ6?tag=eloabder-20&linkCode=osi&th=1&psc=1"><img src="https://m.media-amazon.com/images/I/41xmYCCb5TL._SL500_.jpg" alt="Product Image"></a><p>Hanes Men's Boys Boxer Briefs Pack, Cool Comfort Tagless Underwear, 7-Pack, Assorted, Small</p><p>$13.00</p><a href="https://www.amazon.com/dp/B0BHXBJPZ6?tag=eloabder-20&linkCode=osi&th=1&psc=1">View Product</a></div><div class="product"><a href="https://www.amazon.com/dp/B07T9FYQS8?tag=eloabder-20&linkCode=osi&th=1&psc=1"><img src="https://m.media-amazon.com/images/I/41hpu+H+4BS._SL500_.jpg" alt="Product Image"></a><p>Hanes Boys' X-Temp Boxer Briefs, Moisture Wicking Breathable Underwear, Tagless, Assorted 6 Pack, Medium</p><p>$14.45</p><a href="https://www.amazon.com/dp/B07T9FYQS8?tag=eloabder-20&linkCode=osi&th=1&psc=1">View Product</a></div>
<div class="product"><a href="https://www.amazon.com/dp/B00S4GMSOI?tag=eloabder-20&linkCode=osi&th=1&psc=1"><img src="https://m.media-amazon.com/images/I/31iFPCkYcTL._SL500_.jpg" alt="Product Image"></a><p>Hanes Boys Socks, Double Tough Cushioned Crew 12-pair Packs Athletic-socks, White/Grey Bottom, Large US</p><p>$9.99</p><a href="https://www.amazon.com/dp/B00S4GMSOI?tag=eloabder-20&linkCode=osi&th=1&psc=1">View Product</a></div>



























<div class="product"><a href="https://www.amazon.com/dp/B07VWPNFMD?tag=eloabder-20&linkCode=osi&th=1&psc=1"><img src="https://m.media-amazon.com/images/I/41LJTb0eozL._SL500_.jpg" alt="Product Image"></a><p>Under Armour Youth Training Cotton Crew Socks, Multipairs , Black (6-Pairs) , Small</p><p>$17.99</p><a href="https://www.amazon.com/dp/B07VWPNFMD?tag=eloabder-20&linkCode=osi&th=1&psc=1">View Product</a></div>
<div class="product"><a href="https://www.amazon.com/dp/B00BXFGBAY?tag=eloabder-20&linkCode=osi&th=1&psc=1"><img src="https://m.media-amazon.com/images/I/31u+gpU4SqL._SL500_.jpg" alt="Product Image"></a><p>PHILIP B. Gentle Conditioning Shampoo 32 oz. (947 ml) | Light-weight Hair Moisturizer, Protecting Color, Adds Softness and Shine</p><p>$115.00 ($3.59 / Fl Oz)</p><a href="https://www.amazon.com/dp/B00BXFGBAY?tag=eloabder-20&linkCode=osi&th=1&psc=1">View Product</a></div>


<div class="product"><a href="https://www.amazon.com/dp/B07P9RWTVK?tag=eloabder-20&linkCode=osi&th=1&psc=1"><img src="https://m.media-amazon.com/images/I/51UYs9+XaEL._SL500_.jpg" alt="Product Image"></a><p>Cczmfeas Boys Toddler Dinosaur Cotton Underwear Boxer Briefs 6 Pack (6-8 Years, C- 6 Pack) Navy</p><p>$14.99</p><a href="https://www.amazon.com/dp/B07P9RWTVK?tag=eloabder-20&linkCode=osi&th=1&psc=1">View Product</a></div>



























<div class="product"><a href="https://www.amazon.com/dp/B00VTVE4Z6?tag=eloabder-20&linkCode=osi&th=1&psc=1"><img src="https://m.media-amazon.com/images/I/21Gp9b3ASJL._SL500_.jpg" alt="Product Image"></a><p>Fruit Of The Loom Boys Eversoft Cotton Undershirts, T Shirts & Tank Tops Underwear, T Shirt - Boys - 5 Pack - White, X-Large US</p><p>$9.99</p><a href="https://www.amazon.com/dp/B00VTVE4Z6?tag=eloabder-20&linkCode=osi&th=1&psc=1">View Product</a></div>

<div class="product"><a href="https://www.amazon.com/dp/B07T8C2FGP?tag=eloabder-20&linkCode=osi&th=1&psc=1"><img src="https://m.media-amazon.com/images/I/11REPowhbuL._SL500_.jpg" alt="Product Image"></a><p>Hanes Boys' Tank Undershirt, EcoSmart Cotton Shirt, Multiple Packs Available, White, Small</p><p>$9.00</p><a href="https://www.amazon.com/dp/B07T8C2FGP?tag=eloabder-20&linkCode=osi&th=1&psc=1">View Product</a></div><div class="product"><a href="https://www.amazon.com/dp/B07GLLY1B5?tag=eloabder-20&linkCode=osi&th=1&psc=1"><img src="https://m.media-amazon.com/images/I/21jImswBMOL._SL500_.jpg" alt="Product Image"></a><p>Fruit Of The Loom Boys Eversoft Cotton Undershirts, T Shirts & Tank Tops Underwear, Tank - Boys - 10 Pack - White, Small US</p><p>$18.99</p><a href="https://www.amazon.com/dp/B07GLLY1B5?tag=eloabder-20&linkCode=osi&th=1&psc=1">View Product</a></div>

















<div class="product"><a href="https://www.amazon.com/dp/B0CC6T1BXL?tag=eloabder-20&linkCode=osi&th=1&psc=1"><img src="https://m.media-amazon.com/images/I/51QfOhhRTAL._SL500_.jpg" alt="Product Image"></a><p>Hanes Boys' Big Performance Tween Boxer Brief Pack, X-Temp Mesh Underwear, Assorted, 6-Pack, Black/Blue/Green/Grey-6 Pack, X-Large</p><p>$16.13</p><a href="https://www.amazon.com/dp/B0CC6T1BXL?tag=eloabder-20&linkCode=osi&th=1&psc=1">View Product</a></div>
<div class="product"><a href="https://www.amazon.com/dp/B0CC6VPJ9T?tag=eloabder-20&linkCode=osi&th=1&psc=1"><img src="https://m.media-amazon.com/images/I/51QfOhhRTAL._SL500_.jpg" alt="Product Image"></a><p>Hanes Boys' Big Performance Tween Boxer Brief Pack, X-Temp Mesh Underwear, Assorted, Black/Blue/Green/Grey - 6 Pack, Small</p><p>$15.29</p><a href="https://www.amazon.com/dp/B0CC6VPJ9T?tag=eloabder-20&linkCode=osi&th=1&psc=1">View Product</a></div><div class="product"><a href="https://www.amazon.com/dp/B0BHX9MGTV?tag=eloabder-20&linkCode=osi&th=1&psc=1"><img src="https://m.media-amazon.com/images/I/41xmYCCb5TL._SL500_.jpg" alt="Product Image"></a><p>Hanes Men's Boys Boxer Briefs Pack, Cool Comfort Tagless Underwear, 7-Pack, Assorted, Large</p><p>$13.00</p><a href="https://www.amazon.com/dp/B0BHX9MGTV?tag=eloabder-20&linkCode=osi&th=1&psc=1">View Product</a></div><div class="product"><a href="https://www.amazon.com/dp/B071JVXMBW?tag=eloabder-20&linkCode=osi&th=1&psc=1"><img src="https://m.media-amazon.com/images/I/41dDO730qNL._SL500_.jpg" alt="Product Image"></a><p>Hanes Boys' and Toddler Underwear, Comfort Flex and ComfortSoft Boxer Briefs, Multiple Packs Available, Assorted-7 Pack, Large</p><p>$13.00</p><a href="https://www.amazon.com/dp/B071JVXMBW?tag=eloabder-20&linkCode=osi&th=1&psc=1">View Product</a></div>
<div class="product"><a href="https://www.amazon.com/dp/B0BHX978MW?tag=eloabder-20&linkCode=osi&th=1&psc=1"><img src="https://m.media-amazon.com/images/I/41DVOhGuwJL._SL500_.jpg" alt="Product Image"></a><p>Hanes Boys' and Toddler Underwear, Comfort Flex and ComfortSoft Boxer Briefs, Multiple Packs Available, Solids/Prints Assorted-pack of 10, Large</p><p>$18.49</p><a href="https://www.amazon.com/dp/B0BHX978MW?tag=eloabder-20&linkCode=osi&th=1&psc=1">View Product</a></div>
<div class="product"><a href="https://www.amazon.com/dp/B0BHXBJPZ6?tag=eloabder-20&linkCode=osi&th=1&psc=1"><img src="https://m.media-amazon.com/images/I/41xmYCCb5TL._SL500_.jpg" alt="Product Image"></a><p>Hanes Men's Boys Boxer Briefs Pack, Cool Comfort Tagless Underwear, 7-Pack, Assorted, Small</p><p>$13.00</p><a href="https://www.amazon.com/dp/B0BHXBJPZ6?tag=eloabder-20&linkCode=osi&th=1&psc=1">View Product</a></div><div class="product"><a href="https://www.amazon.com/dp/B07T9FYQS8?tag=eloabder-20&linkCode=osi&th=1&psc=1"><img src="https://m.media-amazon.com/images/I/41hpu+H+4BS._SL500_.jpg" alt="Product Image"></a><p>Hanes Boys' X-Temp Boxer Briefs, Moisture Wicking Breathable Underwear, Tagless, Assorted 6 Pack, Medium</p><p>$14.45</p><a href="https://www.amazon.com/dp/B07T9FYQS8?tag=eloabder-20&linkCode=osi&th=1&psc=1">View Product</a></div>
<div class="product"><a href="https://www.amazon.com/dp/B00S4GMSOI?tag=eloabder-20&linkCode=osi&th=1&psc=1"><img src="https://m.media-amazon.com/images/I/31iFPCkYcTL._SL500_.jpg" alt="Product Image"></a><p>Hanes Boys Socks, Double Tough Cushioned Crew 12-pair Packs Athletic-socks, White/Grey Bottom, Large US</p><p>$9.99</p><a href="https://www.amazon.com/dp/B00S4GMSOI?tag=eloabder-20&linkCode=osi&th=1&psc=1">View Product</a></div>



























<div class="product"><a href="https://www.amazon.com/dp/B07VWPNFMD?tag=eloabder-20&linkCode=osi&th=1&psc=1"><img src="https://m.media-amazon.com/images/I/41LJTb0eozL._SL500_.jpg" alt="Product Image"></a><p>Under Armour Youth Training Cotton Crew Socks, Multipairs , Black (6-Pairs) , Small</p><p>$17.99</p><a href="https://www.amazon.com/dp/B07VWPNFMD?tag=eloabder-20&linkCode=osi&th=1&psc=1">View Product</a></div>
<div class="product"><a href="https://www.amazon.com/dp/B00BXFGBAY?tag=eloabder-20&linkCode=osi&th=1&psc=1"><img src="https://m.media-amazon.com/images/I/31u+gpU4SqL._SL500_.jpg" alt="Product Image"></a><p>PHILIP B. Gentle Conditioning Shampoo 32 oz. (947 ml) | Light-weight Hair Moisturizer, Protecting Color, Adds Softness and Shine</p><p>$115.00 ($3.59 / Fl Oz)</p><a href="https://www.amazon.com/dp/B00BXFGBAY?tag=eloabder-20&linkCode=osi&th=1&psc=1">View Product</a></div>


<div class="product"><a href="https://www.amazon.com/dp/B07P9RWTVK?tag=eloabder-20&linkCode=osi&th=1&psc=1"><img src="https://m.media-amazon.com/images/I/51UYs9+XaEL._SL500_.jpg" alt="Product Image"></a><p>Cczmfeas Boys Toddler Dinosaur Cotton Underwear Boxer Briefs 6 Pack (6-8 Years, C- 6 Pack) Navy</p><p>$14.99</p><a href="https://www.amazon.com/dp/B07P9RWTVK?tag=eloabder-20&linkCode=osi&th=1&psc=1">View Product</a></div>




























<div class="product"><a href="https://www.amazon.com/dp/B00VTVE4Z6?tag=eloabder-20&linkCode=osi&th=1&psc=1"><img src="https://m.media-amazon.com/images/I/21Gp9b3ASJL._SL500_.jpg" alt="Product Image"></a><p>Fruit Of The Loom Boys Eversoft Cotton Undershirts, T Shirts & Tank Tops Underwear, T Shirt - Boys - 5 Pack - White, X-Large US</p><p>$9.99</p><a href="https://www.amazon.com/dp/B00VTVE4Z6?tag=eloabder-20&linkCode=osi&th=1&psc=1">View Product</a></div>

<div class="product"><a href="https://www.amazon.com/dp/B07T8C2FGP?tag=eloabder-20&linkCode=osi&th=1&psc=1"><img src="https://m.media-amazon.com/images/I/11REPowhbuL._SL500_.jpg" alt="Product Image"></a><p>Hanes Boys' Tank Undershirt, EcoSmart Cotton Shirt, Multiple Packs Available, White, Small</p><p>$9.00</p><a href="https://www.amazon.com/dp/B07T8C2FGP?tag=eloabder-20&linkCode=osi&th=1&psc=1">View Product</a></div><div class="product"><a href="https://www.amazon.com/dp/B07GLLY1B5?tag=eloabder-20&linkCode=osi&th=1&psc=1"><img src="https://m.media-amazon.com/images/I/21jImswBMOL._SL500_.jpg" alt="Product Image"></a><p>Fruit Of The Loom Boys Eversoft Cotton Undershirts, T Shirts & Tank Tops Underwear, Tank - Boys - 10 Pack - White, Small US</p><p>$18.99</p><a href="https://www.amazon.com/dp/B07GLLY1B5?tag=eloabder-20&linkCode=osi&th=1&psc=1">View Product</a></div>

















<div class="product"><a href="https://www.amazon.com/dp/B0CC6T1BXL?tag=eloabder-20&linkCode=osi&th=1&psc=1"><img src="https://m.media-amazon.com/images/I/51QfOhhRTAL._SL500_.jpg" alt="Product Image"></a><p>Hanes Boys' Big Performance Tween Boxer Brief Pack, X-Temp Mesh Underwear, Assorted, 6-Pack, Black/Blue/Green/Grey-6 Pack, X-Large</p><p>$16.13</p><a href="https://www.amazon.com/dp/B0CC6T1BXL?tag=eloabder-20&linkCode=osi&th=1&psc=1">View Product</a></div>
<div class="product"><a href="https://www.amazon.com/dp/B0CC6VPJ9T?tag=eloabder-20&linkCode=osi&th=1&psc=1"><img src="https://m.media-amazon.com/images/I/51QfOhhRTAL._SL500_.jpg" alt="Product Image"></a><p>Hanes Boys' Big Performance Tween Boxer Brief Pack, X-Temp Mesh Underwear, Assorted, Black/Blue/Green/Grey - 6 Pack, Small</p><p>$15.29</p><a href="https://www.amazon.com/dp/B0CC6VPJ9T?tag=eloabder-20&linkCode=osi&th=1&psc=1">View Product</a></div><div class="product"><a href="https://www.amazon.com/dp/B0BHX9MGTV?tag=eloabder-20&linkCode=osi&th=1&psc=1"><img src="https://m.media-amazon.com/images/I/41xmYCCb5TL._SL500_.jpg" alt="Product Image"></a><p>Hanes Men's Boys Boxer Briefs Pack, Cool Comfort Tagless Underwear, 7-Pack, Assorted, Large</p><p>$13.00</p><a href="https://www.amazon.com/dp/B0BHX9MGTV?tag=eloabder-20&linkCode=osi&th=1&psc=1">View Product</a></div><div class="product"><a href="https://www.amazon.com/dp/B071JVXMBW?tag=eloabder-20&linkCode=osi&th=1&psc=1"><img src="https://m.media-amazon.com/images/I/41dDO730qNL._SL500_.jpg" alt="Product Image"></a><p>Hanes Boys' and Toddler Underwear, Comfort Flex and ComfortSoft Boxer Briefs, Multiple Packs Available, Assorted-7 Pack, Large</p><p>$13.00</p><a href="https://www.amazon.com/dp/B071JVXMBW?tag=eloabder-20&linkCode=osi&th=1&psc=1">View Product</a></div>
<div class="product"><a href="https://www.amazon.com/dp/B0BHX978MW?tag=eloabder-20&linkCode=osi&th=1&psc=1"><img src="https://m.media-amazon.com/images/I/41DVOhGuwJL._SL500_.jpg" alt="Product Image"></a><p>Hanes Boys' and Toddler Underwear, Comfort Flex and ComfortSoft Boxer Briefs, Multiple Packs Available, Solids/Prints Assorted-pack of 10, Large</p><p>$18.49</p><a href="https://www.amazon.com/dp/B0BHX978MW?tag=eloabder-20&linkCode=osi&th=1&psc=1">View Product</a></div>
<div class="product"><a href="https://www.amazon.com/dp/B0BHXBJPZ6?tag=eloabder-20&linkCode=osi&th=1&psc=1"><img src="https://m.media-amazon.com/images/I/41xmYCCb5TL._SL500_.jpg" alt="Product Image"></a><p>Hanes Men's Boys Boxer Briefs Pack, Cool Comfort Tagless Underwear, 7-Pack, Assorted, Small</p><p>$13.00</p><a href="https://www.amazon.com/dp/B0BHXBJPZ6?tag=eloabder-20&linkCode=osi&th=1&psc=1">View Product</a></div><div class="product"><a href="https://www.amazon.com/dp/B07T9FYQS8?tag=eloabder-20&linkCode=osi&th=1&psc=1"><img src="https://m.media-amazon.com/images/I/41hpu+H+4BS._SL500_.jpg" alt="Product Image"></a><p>Hanes Boys' X-Temp Boxer Briefs, Moisture Wicking Breathable Underwear, Tagless, Assorted 6 Pack, Medium</p><p>$14.45</p><a href="https://www.amazon.com/dp/B07T9FYQS8?tag=eloabder-20&linkCode=osi&th=1&psc=1">View Product</a></div>
<div class="product"><a href="https://www.amazon.com/dp/B00S4GMSOI?tag=eloabder-20&linkCode=osi&th=1&psc=1"><img src="https://m.media-amazon.com/images/I/31iFPCkYcTL._SL500_.jpg" alt="Product Image"></a><p>Hanes Boys Socks, Double Tough Cushioned Crew 12-pair Packs Athletic-socks, White/Grey Bottom, Large US</p><p>$9.99</p><a href="https://www.amazon.com/dp/B00S4GMSOI?tag=eloabder-20&linkCode=osi&th=1&psc=1">View Product</a></div>



























<div class="product"><a href="https://www.amazon.com/dp/B07VWPNFMD?tag=eloabder-20&linkCode=osi&th=1&psc=1"><img src="https://m.media-amazon.com/images/I/41LJTb0eozL._SL500_.jpg" alt="Product Image"></a><p>Under Armour Youth Training Cotton Crew Socks, Multipairs , Black (6-Pairs) , Small</p><p>$17.99</p><a href="https://www.amazon.com/dp/B07VWPNFMD?tag=eloabder-20&linkCode=osi&th=1&psc=1">View Product</a></div>
<div class="product"><a href="https://www.amazon.com/dp/B00BXFGBAY?tag=eloabder-20&linkCode=osi&th=1&psc=1"><img src="https://m.media-amazon.com/images/I/31u+gpU4SqL._SL500_.jpg" alt="Product Image"></a><p>PHILIP B. Gentle Conditioning Shampoo 32 oz. (947 ml) | Light-weight Hair Moisturizer, Protecting Color, Adds Softness and Shine</p><p>$115.00 ($3.59 / Fl Oz)</p><a href="https://www.amazon.com/dp/B00BXFGBAY?tag=eloabder-20&linkCode=osi&th=1&psc=1">View Product</a></div>


<div class="product"><a href="https://www.amazon.com/dp/B07P9RWTVK?tag=eloabder-20&linkCode=osi&th=1&psc=1"><img src="https://m.media-amazon.com/images/I/51UYs9+XaEL._SL500_.jpg" alt="Product Image"></a><p>Cczmfeas Boys Toddler Dinosaur Cotton Underwear Boxer Briefs 6 Pack (6-8 Years, C- 6 Pack) Navy</p><p>$14.99</p><a href="https://www.amazon.com/dp/B07P9RWTVK?tag=eloabder-20&linkCode=osi&th=1&psc=1">View Product</a></div>





























<div class="product"><a href="https://www.amazon.com/dp/B00VTVE4Z6?tag=eloabder-20&linkCode=osi&th=1&psc=1"><img src="https://m.media-amazon.com/images/I/21Gp9b3ASJL._SL500_.jpg" alt="Product Image"></a><p>Fruit Of The Loom Boys Eversoft Cotton Undershirts, T Shirts & Tank Tops Underwear, T Shirt - Boys - 5 Pack - White, X-Large US</p><p>$9.99</p><a href="https://www.amazon.com/dp/B00VTVE4Z6?tag=eloabder-20&linkCode=osi&th=1&psc=1">View Product</a></div>

<div class="product"><a href="https://www.amazon.com/dp/B07T8C2FGP?tag=eloabder-20&linkCode=osi&th=1&psc=1"><img src="https://m.media-amazon.com/images/I/11REPowhbuL._SL500_.jpg" alt="Product Image"></a><p>Hanes Boys' Tank Undershirt, EcoSmart Cotton Shirt, Multiple Packs Available, White, Small</p><p>$9.00</p><a href="https://www.amazon.com/dp/B07T8C2FGP?tag=eloabder-20&linkCode=osi&th=1&psc=1">View Product</a></div><div class="product"><a href="https://www.amazon.com/dp/B07GLLY1B5?tag=eloabder-20&linkCode=osi&th=1&psc=1"><img src="https://m.media-amazon.com/images/I/21jImswBMOL._SL500_.jpg" alt="Product Image"></a><p>Fruit Of The Loom Boys Eversoft Cotton Undershirts, T Shirts & Tank Tops Underwear, Tank - Boys - 10 Pack - White, Small US</p><p>$18.99</p><a href="https://www.amazon.com/dp/B07GLLY1B5?tag=eloabder-20&linkCode=osi&th=1&psc=1">View Product</a></div>

















<div class="product"><a href="https://www.amazon.com/dp/B0CC6T1BXL?tag=eloabder-20&linkCode=osi&th=1&psc=1"><img src="https://m.media-amazon.com/images/I/51QfOhhRTAL._SL500_.jpg" alt="Product Image"></a><p>Hanes Boys' Big Performance Tween Boxer Brief Pack, X-Temp Mesh Underwear, Assorted, 6-Pack, Black/Blue/Green/Grey-6 Pack, X-Large</p><p>$16.13</p><a href="https://www.amazon.com/dp/B0CC6T1BXL?tag=eloabder-20&linkCode=osi&th=1&psc=1">View Product</a></div>
<div class="product"><a href="https://www.amazon.com/dp/B0CC6VPJ9T?tag=eloabder-20&linkCode=osi&th=1&psc=1"><img src="https://m.media-amazon.com/images/I/51QfOhhRTAL._SL500_.jpg" alt="Product Image"></a><p>Hanes Boys' Big Performance Tween Boxer Brief Pack, X-Temp Mesh Underwear, Assorted, Black/Blue/Green/Grey - 6 Pack, Small</p><p>$15.29</p><a href="https://www.amazon.com/dp/B0CC6VPJ9T?tag=eloabder-20&linkCode=osi&th=1&psc=1">View Product</a></div><div class="product"><a href="https://www.amazon.com/dp/B0BHX9MGTV?tag=eloabder-20&linkCode=osi&th=1&psc=1"><img src="https://m.media-amazon.com/images/I/41xmYCCb5TL._SL500_.jpg" alt="Product Image"></a><p>Hanes Men's Boys Boxer Briefs Pack, Cool Comfort Tagless Underwear, 7-Pack, Assorted, Large</p><p>$13.00</p><a href="https://www.amazon.com/dp/B0BHX9MGTV?tag=eloabder-20&linkCode=osi&th=1&psc=1">View Product</a></div><div class="product"><a href="https://www.amazon.com/dp/B071JVXMBW?tag=eloabder-20&linkCode=osi&th=1&psc=1"><img src="https://m.media-amazon.com/images/I/41dDO730qNL._SL500_.jpg" alt="Product Image"></a><p>Hanes Boys' and Toddler Underwear, Comfort Flex and ComfortSoft Boxer Briefs, Multiple Packs Available, Assorted-7 Pack, Large</p><p>$13.00</p><a href="https://www.amazon.com/dp/B071JVXMBW?tag=eloabder-20&linkCode=osi&th=1&psc=1">View Product</a></div>
<div class="product"><a href="https://www.amazon.com/dp/B0BHX978MW?tag=eloabder-20&linkCode=osi&th=1&psc=1"><img src="https://m.media-amazon.com/images/I/41DVOhGuwJL._SL500_.jpg" alt="Product Image"></a><p>Hanes Boys' and Toddler Underwear, Comfort Flex and ComfortSoft Boxer Briefs, Multiple Packs Available, Solids/Prints Assorted-pack of 10, Large</p><p>$18.49</p><a href="https://www.amazon.com/dp/B0BHX978MW?tag=eloabder-20&linkCode=osi&th=1&psc=1">View Product</a></div>
<div class="product"><a href="https://www.amazon.com/dp/B0BHXBJPZ6?tag=eloabder-20&linkCode=osi&th=1&psc=1"><img src="https://m.media-amazon.com/images/I/41xmYCCb5TL._SL500_.jpg" alt="Product Image"></a><p>Hanes Men's Boys Boxer Briefs Pack, Cool Comfort Tagless Underwear, 7-Pack, Assorted, Small</p><p>$13.00</p><a href="https://www.amazon.com/dp/B0BHXBJPZ6?tag=eloabder-20&linkCode=osi&th=1&psc=1">View Product</a></div><div class="product"><a href="https://www.amazon.com/dp/B07T9FYQS8?tag=eloabder-20&linkCode=osi&th=1&psc=1"><img src="https://m.media-amazon.com/images/I/41hpu+H+4BS._SL500_.jpg" alt="Product Image"></a><p>Hanes Boys' X-Temp Boxer Briefs, Moisture Wicking Breathable Underwear, Tagless, Assorted 6 Pack, Medium</p><p>$14.45</p><a href="https://www.amazon.com/dp/B07T9FYQS8?tag=eloabder-20&linkCode=osi&th=1&psc=1">View Product</a></div>
<div class="product"><a href="https://www.amazon.com/dp/B00S4GMSOI?tag=eloabder-20&linkCode=osi&th=1&psc=1"><img src="https://m.media-amazon.com/images/I/31iFPCkYcTL._SL500_.jpg" alt="Product Image"></a><p>Hanes Boys Socks, Double Tough Cushioned Crew 12-pair Packs Athletic-socks, White/Grey Bottom, Large US</p><p>$9.99</p><a href="https://www.amazon.com/dp/B00S4GMSOI?tag=eloabder-20&linkCode=osi&th=1&psc=1">View Product</a></div>



























<div class="product"><a href="https://www.amazon.com/dp/B07VWPNFMD?tag=eloabder-20&linkCode=osi&th=1&psc=1"><img src="https://m.media-amazon.com/images/I/41LJTb0eozL._SL500_.jpg" alt="Product Image"></a><p>Under Armour Youth Training Cotton Crew Socks, Multipairs , Black (6-Pairs) , Small</p><p>$17.99</p><a href="https://www.amazon.com/dp/B07VWPNFMD?tag=eloabder-20&linkCode=osi&th=1&psc=1">View Product</a></div>
<div class="product"><a href="https://www.amazon.com/dp/B00BXFGBAY?tag=eloabder-20&linkCode=osi&th=1&psc=1"><img src="https://m.media-amazon.com/images/I/31u+gpU4SqL._SL500_.jpg" alt="Product Image"></a><p>PHILIP B. Gentle Conditioning Shampoo 32 oz. (947 ml) | Light-weight Hair Moisturizer, Protecting Color, Adds Softness and Shine</p><p>$115.00 ($3.59 / Fl Oz)</p><a href="https://www.amazon.com/dp/B00BXFGBAY?tag=eloabder-20&linkCode=osi&th=1&psc=1">View Product</a></div>


<div class="product"><a href="https://www.amazon.com/dp/B07P9RWTVK?tag=eloabder-20&linkCode=osi&th=1&psc=1"><img src="https://m.media-amazon.com/images/I/51UYs9+XaEL._SL500_.jpg" alt="Product Image"></a><p>Cczmfeas Boys Toddler Dinosaur Cotton Underwear Boxer Briefs 6 Pack (6-8 Years, C- 6 Pack) Navy</p><p>$14.99</p><a href="https://www.amazon.com/dp/B07P9RWTVK?tag=eloabder-20&linkCode=osi&th=1&psc=1">View Product</a></div>





















<div class="product"><a href="https://www.amazon.com/dp/B07JXFXFDN?tag=eloabder-20&linkCode=osi&th=1&psc=1"><img src="https://m.media-amazon.com/images/I/31cedI+SL+L._SL500_.jpg" alt="Product Image"></a><p>Amazon Essentials Boys' Cotton Crew Sports Socks, 10 Pairs, White Stripe, Medium</p><p>$13.30</p><a href="https://www.amazon.com/dp/B07JXFXFDN?tag=eloabder-20&linkCode=osi&th=1&psc=1">View Product</a></div><div class="product"><a href="https://www.amazon.com/dp/B07JL9J6NW?tag=eloabder-20&linkCode=osi&th=1&psc=1"><img src="https://m.media-amazon.com/images/I/31TqyKO3LzL._SL500_.jpg" alt="Product Image"></a><p>Amazon Essentials Unisex Kids' Cotton Crew Socks, 10 Pairs, White/Grey, Large</p><p>$11.40</p><a href="https://www.amazon.com/dp/B07JL9J6NW?tag=eloabder-20&linkCode=osi&th=1&psc=1">View Product</a></div>








<div class="product"><a href="https://www.amazon.com/dp/B00VTVE4Z6?tag=eloabder-20&linkCode=osi&th=1&psc=1"><img src="https://m.media-amazon.com/images/I/21Gp9b3ASJL._SL500_.jpg" alt="Product Image"></a><p>Fruit Of The Loom Boys Eversoft Cotton Undershirts, T Shirts & Tank Tops Underwear, T Shirt - Boys - 5 Pack - White, X-Large US</p><p>$9.99</p><a href="https://www.amazon.com/dp/B00VTVE4Z6?tag=eloabder-20&linkCode=osi&th=1&psc=1">View Product</a></div>

<div class="product"><a href="https://www.amazon.com/dp/B07T8C2FGP?tag=eloabder-20&linkCode=osi&th=1&psc=1"><img src="https://m.media-amazon.com/images/I/11REPowhbuL._SL500_.jpg" alt="Product Image"></a><p>Hanes Boys' Tank Undershirt, EcoSmart Cotton Shirt, Multiple Packs Available, White, Small</p><p>$9.00</p><a href="https://www.amazon.com/dp/B07T8C2FGP?tag=eloabder-20&linkCode=osi&th=1&psc=1">View Product</a></div><div class="product"><a href="https://www.amazon.com/dp/B07GLLY1B5?tag=eloabder-20&linkCode=osi&th=1&psc=1"><img src="https://m.media-amazon.com/images/I/21jImswBMOL._SL500_.jpg" alt="Product Image"></a><p>Fruit Of The Loom Boys Eversoft Cotton Undershirts, T Shirts & Tank Tops Underwear, Tank - Boys - 10 Pack - White, Small US</p><p>$18.99</p><a href="https://www.amazon.com/dp/B07GLLY1B5?tag=eloabder-20&linkCode=osi&th=1&psc=1">View Product</a></div>

















<div class="product"><a href="https://www.amazon.com/dp/B0CC6T1BXL?tag=eloabder-20&linkCode=osi&th=1&psc=1"><img src="https://m.media-amazon.com/images/I/51QfOhhRTAL._SL500_.jpg" alt="Product Image"></a><p>Hanes Boys' Big Performance Tween Boxer Brief Pack, X-Temp Mesh Underwear, Assorted, 6-Pack, Black/Blue/Green/Grey-6 Pack, X-Large</p><p>$16.13</p><a href="https://www.amazon.com/dp/B0CC6T1BXL?tag=eloabder-20&linkCode=osi&th=1&psc=1">View Product</a></div>
<div class="product"><a href="https://www.amazon.com/dp/B0CC6VPJ9T?tag=eloabder-20&linkCode=osi&th=1&psc=1"><img src="https://m.media-amazon.com/images/I/51QfOhhRTAL._SL500_.jpg" alt="Product Image"></a><p>Hanes Boys' Big Performance Tween Boxer Brief Pack, X-Temp Mesh Underwear, Assorted, Black/Blue/Green/Grey - 6 Pack, Small</p><p>$15.29</p><a href="https://www.amazon.com/dp/B0CC6VPJ9T?tag=eloabder-20&linkCode=osi&th=1&psc=1">View Product</a></div><div class="product"><a href="https://www.amazon.com/dp/B0BHX9MGTV?tag=eloabder-20&linkCode=osi&th=1&psc=1"><img src="https://m.media-amazon.com/images/I/41xmYCCb5TL._SL500_.jpg" alt="Product Image"></a><p>Hanes Men's Boys Boxer Briefs Pack, Cool Comfort Tagless Underwear, 7-Pack, Assorted, Large</p><p>$13.00</p><a href="https://www.amazon.com/dp/B0BHX9MGTV?tag=eloabder-20&linkCode=osi&th=1&psc=1">View Product</a></div><div class="product"><a href="https://www.amazon.com/dp/B071JVXMBW?tag=eloabder-20&linkCode=osi&th=1&psc=1"><img src="https://m.media-amazon.com/images/I/41dDO730qNL._SL500_.jpg" alt="Product Image"></a><p>Hanes Boys' and Toddler Underwear, Comfort Flex and ComfortSoft Boxer Briefs, Multiple Packs Available, Assorted-7 Pack, Large</p><p>$13.00</p><a href="https://www.amazon.com/dp/B071JVXMBW?tag=eloabder-20&linkCode=osi&th=1&psc=1">View Product</a></div>
<div class="product"><a href="https://www.amazon.com/dp/B0BHX978MW?tag=eloabder-20&linkCode=osi&th=1&psc=1"><img src="https://m.media-amazon.com/images/I/41DVOhGuwJL._SL500_.jpg" alt="Product Image"></a><p>Hanes Boys' and Toddler Underwear, Comfort Flex and ComfortSoft Boxer Briefs, Multiple Packs Available, Solids/Prints Assorted-pack of 10, Large</p><p>$18.49</p><a href="https://www.amazon.com/dp/B0BHX978MW?tag=eloabder-20&linkCode=osi&th=1&psc=1">View Product</a></div>
<div class="product"><a href="https://www.amazon.com/dp/B0BHXBJPZ6?tag=eloabder-20&linkCode=osi&th=1&psc=1"><img src="https://m.media-amazon.com/images/I/41xmYCCb5TL._SL500_.jpg" alt="Product Image"></a><p>Hanes Men's Boys Boxer Briefs Pack, Cool Comfort Tagless Underwear, 7-Pack, Assorted, Small</p><p>$13.00</p><a href="https://www.amazon.com/dp/B0BHXBJPZ6?tag=eloabder-20&linkCode=osi&th=1&psc=1">View Product</a></div><div class="product"><a href="https://www.amazon.com/dp/B07T9FYQS8?tag=eloabder-20&linkCode=osi&th=1&psc=1"><img src="https://m.media-amazon.com/images/I/41hpu+H+4BS._SL500_.jpg" alt="Product Image"></a><p>Hanes Boys' X-Temp Boxer Briefs, Moisture Wicking Breathable Underwear, Tagless, Assorted 6 Pack, Medium</p><p>$14.45</p><a href="https://www.amazon.com/dp/B07T9FYQS8?tag=eloabder-20&linkCode=osi&th=1&psc=1">View Product</a></div>
<div class="product"><a href="https://www.amazon.com/dp/B00S4GMSOI?tag=eloabder-20&linkCode=osi&th=1&psc=1"><img src="https://m.media-amazon.com/images/I/31iFPCkYcTL._SL500_.jpg" alt="Product Image"></a><p>Hanes Boys Socks, Double Tough Cushioned Crew 12-pair Packs Athletic-socks, White/Grey Bottom, Large US</p><p>$9.99</p><a href="https://www.amazon.com/dp/B00S4GMSOI?tag=eloabder-20&linkCode=osi&th=1&psc=1">View Product</a></div>



























<div class="product"><a href="https://www.amazon.com/dp/B07VWPNFMD?tag=eloabder-20&linkCode=osi&th=1&psc=1"><img src="https://m.media-amazon.com/images/I/41LJTb0eozL._SL500_.jpg" alt="Product Image"></a><p>Under Armour Youth Training Cotton Crew Socks, Multipairs , Black (6-Pairs) , Small</p><p>$17.99</p><a href="https://www.amazon.com/dp/B07VWPNFMD?tag=eloabder-20&linkCode=osi&th=1&psc=1">View Product</a></div>
<div class="product"><a href="https://www.amazon.com/dp/B00BXFGBAY?tag=eloabder-20&linkCode=osi&th=1&psc=1"><img src="https://m.media-amazon.com/images/I/31u+gpU4SqL._SL500_.jpg" alt="Product Image"></a><p>PHILIP B. Gentle Conditioning Shampoo 32 oz. (947 ml) | Light-weight Hair Moisturizer, Protecting Color, Adds Softness and Shine</p><p>$115.00 ($3.59 / Fl Oz)</p><a href="https://www.amazon.com/dp/B00BXFGBAY?tag=eloabder-20&linkCode=osi&th=1&psc=1">View Product</a></div>


<div class="product"><a href="https://www.amazon.com/dp/B07P9RWTVK?tag=eloabder-20&linkCode=osi&th=1&psc=1"><img src="https://m.media-amazon.com/images/I/51UYs9+XaEL._SL500_.jpg" alt="Product Image"></a><p>Cczmfeas Boys Toddler Dinosaur Cotton Underwear Boxer Briefs 6 Pack (6-8 Years, C- 6 Pack) Navy</p><p>$14.99</p><a href="https://www.amazon.com/dp/B07P9RWTVK?tag=eloabder-20&linkCode=osi&th=1&psc=1">View Product</a></div>





















<div class="product"><a href="https://www.amazon.com/dp/B07JXFXFDN?tag=eloabder-20&linkCode=osi&th=1&psc=1"><img src="https://m.media-amazon.com/images/I/31cedI+SL+L._SL500_.jpg" alt="Product Image"></a><p>Amazon Essentials Boys' Cotton Crew Sports Socks, 10 Pairs, White Stripe, Medium</p><p>$13.30</p><a href="https://www.amazon.com/dp/B07JXFXFDN?tag=eloabder-20&linkCode=osi&th=1&psc=1">View Product</a></div><div class="product"><a href="https://www.amazon.com/dp/B07JL9J6NW?tag=eloabder-20&linkCode=osi&th=1&psc=1"><img src="https://m.media-amazon.com/images/I/31TqyKO3LzL._SL500_.jpg" alt="Product Image"></a><p>Amazon Essentials Unisex Kids' Cotton Crew Socks, 10 Pairs, White/Grey, Large</p><p>$11.40</p><a href="https://www.amazon.com/dp/B07JL9J6NW?tag=eloabder-20&linkCode=osi&th=1&psc=1">View Product</a></div>









<div class="product"><a href="https://www.amazon.com/dp/B00VTVE4Z6?tag=eloabder-20&linkCode=osi&th=1&psc=1"><img src="https://m.media-amazon.com/images/I/21Gp9b3ASJL._SL500_.jpg" alt="Product Image"></a><p>Fruit Of The Loom Boys Eversoft Cotton Undershirts, T Shirts & Tank Tops Underwear, T Shirt - Boys - 5 Pack - White, X-Large US</p><p>$9.99</p><a href="https://www.amazon.com/dp/B00VTVE4Z6?tag=eloabder-20&linkCode=osi&th=1&psc=1">View Product</a></div>

<div class="product"><a href="https://www.amazon.com/dp/B07T8C2FGP?tag=eloabder-20&linkCode=osi&th=1&psc=1"><img src="https://m.media-amazon.com/images/I/11REPowhbuL._SL500_.jpg" alt="Product Image"></a><p>Hanes Boys' Tank Undershirt, EcoSmart Cotton Shirt, Multiple Packs Available, White, Small</p><p>$9.00</p><a href="https://www.amazon.com/dp/B07T8C2FGP?tag=eloabder-20&linkCode=osi&th=1&psc=1">View Product</a></div><div class="product"><a href="https://www.amazon.com/dp/B07GLLY1B5?tag=eloabder-20&linkCode=osi&th=1&psc=1"><img src="https://m.media-amazon.com/images/I/21jImswBMOL._SL500_.jpg" alt="Product Image"></a><p>Fruit Of The Loom Boys Eversoft Cotton Undershirts, T Shirts & Tank Tops Underwear, Tank - Boys - 10 Pack - White, Small US</p><p>$18.99</p><a href="https://www.amazon.com/dp/B07GLLY1B5?tag=eloabder-20&linkCode=osi&th=1&psc=1">View Product</a></div>

















<div class="product"><a href="https://www.amazon.com/dp/B0CC6T1BXL?tag=eloabder-20&linkCode=osi&th=1&psc=1"><img src="https://m.media-amazon.com/images/I/51QfOhhRTAL._SL500_.jpg" alt="Product Image"></a><p>Hanes Boys' Big Performance Tween Boxer Brief Pack, X-Temp Mesh Underwear, Assorted, 6-Pack, Black/Blue/Green/Grey-6 Pack, X-Large</p><p>$16.13</p><a href="https://www.amazon.com/dp/B0CC6T1BXL?tag=eloabder-20&linkCode=osi&th=1&psc=1">View Product</a></div>
<div class="product"><a href="https://www.amazon.com/dp/B0CC6VPJ9T?tag=eloabder-20&linkCode=osi&th=1&psc=1"><img src="https://m.media-amazon.com/images/I/51QfOhhRTAL._SL500_.jpg" alt="Product Image"></a><p>Hanes Boys' Big Performance Tween Boxer Brief Pack, X-Temp Mesh Underwear, Assorted, Black/Blue/Green/Grey - 6 Pack, Small</p><p>$15.29</p><a href="https://www.amazon.com/dp/B0CC6VPJ9T?tag=eloabder-20&linkCode=osi&th=1&psc=1">View Product</a></div><div class="product"><a href="https://www.amazon.com/dp/B0BHX9MGTV?tag=eloabder-20&linkCode=osi&th=1&psc=1"><img src="https://m.media-amazon.com/images/I/41xmYCCb5TL._SL500_.jpg" alt="Product Image"></a><p>Hanes Men's Boys Boxer Briefs Pack, Cool Comfort Tagless Underwear, 7-Pack, Assorted, Large</p><p>$13.00</p><a href="https://www.amazon.com/dp/B0BHX9MGTV?tag=eloabder-20&linkCode=osi&th=1&psc=1">View Product</a></div><div class="product"><a href="https://www.amazon.com/dp/B071JVXMBW?tag=eloabder-20&linkCode=osi&th=1&psc=1"><img src="https://m.media-amazon.com/images/I/41dDO730qNL._SL500_.jpg" alt="Product Image"></a><p>Hanes Boys' and Toddler Underwear, Comfort Flex and ComfortSoft Boxer Briefs, Multiple Packs Available, Assorted-7 Pack, Large</p><p>$13.00</p><a href="https://www.amazon.com/dp/B071JVXMBW?tag=eloabder-20&linkCode=osi&th=1&psc=1">View Product</a></div>
<div class="product"><a href="https://www.amazon.com/dp/B0BHX978MW?tag=eloabder-20&linkCode=osi&th=1&psc=1"><img src="https://m.media-amazon.com/images/I/41DVOhGuwJL._SL500_.jpg" alt="Product Image"></a><p>Hanes Boys' and Toddler Underwear, Comfort Flex and ComfortSoft Boxer Briefs, Multiple Packs Available, Solids/Prints Assorted-pack of 10, Large</p><p>$18.49</p><a href="https://www.amazon.com/dp/B0BHX978MW?tag=eloabder-20&linkCode=osi&th=1&psc=1">View Product</a></div>
<div class="product"><a href="https://www.amazon.com/dp/B0BHXBJPZ6?tag=eloabder-20&linkCode=osi&th=1&psc=1"><img src="https://m.media-amazon.com/images/I/41xmYCCb5TL._SL500_.jpg" alt="Product Image"></a><p>Hanes Men's Boys Boxer Briefs Pack, Cool Comfort Tagless Underwear, 7-Pack, Assorted, Small</p><p>$13.00</p><a href="https://www.amazon.com/dp/B0BHXBJPZ6?tag=eloabder-20&linkCode=osi&th=1&psc=1">View Product</a></div><div class="product"><a href="https://www.amazon.com/dp/B07T9FYQS8?tag=eloabder-20&linkCode=osi&th=1&psc=1"><img src="https://m.media-amazon.com/images/I/41hpu+H+4BS._SL500_.jpg" alt="Product Image"></a><p>Hanes Boys' X-Temp Boxer Briefs, Moisture Wicking Breathable Underwear, Tagless, Assorted 6 Pack, Medium</p><p>$14.45</p><a href="https://www.amazon.com/dp/B07T9FYQS8?tag=eloabder-20&linkCode=osi&th=1&psc=1">View Product</a></div>
<div class="product"><a href="https://www.amazon.com/dp/B00S4GMSOI?tag=eloabder-20&linkCode=osi&th=1&psc=1"><img src="https://m.media-amazon.com/images/I/31iFPCkYcTL._SL500_.jpg" alt="Product Image"></a><p>Hanes Boys Socks, Double Tough Cushioned Crew 12-pair Packs Athletic-socks, White/Grey Bottom, Large US</p><p>$9.99</p><a href="https://www.amazon.com/dp/B00S4GMSOI?tag=eloabder-20&linkCode=osi&th=1&psc=1">View Product</a></div>



























<div class="product"><a href="https://www.amazon.com/dp/B07VWPNFMD?tag=eloabder-20&linkCode=osi&th=1&psc=1"><img src="https://m.media-amazon.com/images/I/41LJTb0eozL._SL500_.jpg" alt="Product Image"></a><p>Under Armour Youth Training Cotton Crew Socks, Multipairs , Black (6-Pairs) , Small</p><p>$17.99</p><a href="https://www.amazon.com/dp/B07VWPNFMD?tag=eloabder-20&linkCode=osi&th=1&psc=1">View Product</a></div>
<div class="product"><a href="https://www.amazon.com/dp/B00BXFGBAY?tag=eloabder-20&linkCode=osi&th=1&psc=1"><img src="https://m.media-amazon.com/images/I/31u+gpU4SqL._SL500_.jpg" alt="Product Image"></a><p>PHILIP B. Gentle Conditioning Shampoo 32 oz. (947 ml) | Light-weight Hair Moisturizer, Protecting Color, Adds Softness and Shine</p><p>$115.00 ($3.59 / Fl Oz)</p><a href="https://www.amazon.com/dp/B00BXFGBAY?tag=eloabder-20&linkCode=osi&th=1&psc=1">View Product</a></div>


<div class="product"><a href="https://www.amazon.com/dp/B07P9RWTVK?tag=eloabder-20&linkCode=osi&th=1&psc=1"><img src="https://m.media-amazon.com/images/I/51UYs9+XaEL._SL500_.jpg" alt="Product Image"></a><p>Cczmfeas Boys Toddler Dinosaur Cotton Underwear Boxer Briefs 6 Pack (6-8 Years, C- 6 Pack) Navy</p><p>$14.99</p><a href="https://www.amazon.com/dp/B07P9RWTVK?tag=eloabder-20&linkCode=osi&th=1&psc=1">View Product</a></div>





















<div class="product"><a href="https://www.amazon.com/dp/B07JXFXFDN?tag=eloabder-20&linkCode=osi&th=1&psc=1"><img src="https://m.media-amazon.com/images/I/31cedI+SL+L._SL500_.jpg" alt="Product Image"></a><p>Amazon Essentials Boys' Cotton Crew Sports Socks, 10 Pairs, White Stripe, Medium</p><p>$13.30</p><a href="https://www.amazon.com/dp/B07JXFXFDN?tag=eloabder-20&linkCode=osi&th=1&psc=1">View Product</a></div><div class="product"><a href="https://www.amazon.com/dp/B07JL9J6NW?tag=eloabder-20&linkCode=osi&th=1&psc=1"><img src="https://m.media-amazon.com/images/I/31TqyKO3LzL._SL500_.jpg" alt="Product Image"></a><p>Amazon Essentials Unisex Kids' Cotton Crew Socks, 10 Pairs, White/Grey, Large</p><p>$11.40</p><a href="https://www.amazon.com/dp/B07JL9J6NW?tag=eloabder-20&linkCode=osi&th=1&psc=1">View Product</a></div>










<div class="product"><a href="https://www.amazon.com/dp/B00VTVE4Z6?tag=eloabder-20&linkCode=osi&th=1&psc=1"><img src="https://m.media-amazon.com/images/I/21Gp9b3ASJL._SL500_.jpg" alt="Product Image"></a><p>Fruit Of The Loom Boys Eversoft Cotton Undershirts, T Shirts & Tank Tops Underwear, T Shirt - Boys - 5 Pack - White, X-Large US</p><p>$9.99</p><a href="https://www.amazon.com/dp/B00VTVE4Z6?tag=eloabder-20&linkCode=osi&th=1&psc=1">View Product</a></div>

<div class="product"><a href="https://www.amazon.com/dp/B07T8C2FGP?tag=eloabder-20&linkCode=osi&th=1&psc=1"><img src="https://m.media-amazon.com/images/I/11REPowhbuL._SL500_.jpg" alt="Product Image"></a><p>Hanes Boys' Tank Undershirt, EcoSmart Cotton Shirt, Multiple Packs Available, White, Small</p><p>$9.00</p><a href="https://www.amazon.com/dp/B07T8C2FGP?tag=eloabder-20&linkCode=osi&th=1&psc=1">View Product</a></div><div class="product"><a href="https://www.amazon.com/dp/B07GLLY1B5?tag=eloabder-20&linkCode=osi&th=1&psc=1"><img src="https://m.media-amazon.com/images/I/21jImswBMOL._SL500_.jpg" alt="Product Image"></a><p>Fruit Of The Loom Boys Eversoft Cotton Undershirts, T Shirts & Tank Tops Underwear, Tank - Boys - 10 Pack - White, Small US</p><p>$18.99</p><a href="https://www.amazon.com/dp/B07GLLY1B5?tag=eloabder-20&linkCode=osi&th=1&psc=1">View Product</a></div>

















<div class="product"><a href="https://www.amazon.com/dp/B0CC6T1BXL?tag=eloabder-20&linkCode=osi&th=1&psc=1"><img src="https://m.media-amazon.com/images/I/51QfOhhRTAL._SL500_.jpg" alt="Product Image"></a><p>Hanes Boys' Big Performance Tween Boxer Brief Pack, X-Temp Mesh Underwear, Assorted, 6-Pack, Black/Blue/Green/Grey-6 Pack, X-Large</p><p>$16.13</p><a href="https://www.amazon.com/dp/B0CC6T1BXL?tag=eloabder-20&linkCode=osi&th=1&psc=1">View Product</a></div>
<div class="product"><a href="https://www.amazon.com/dp/B0CC6VPJ9T?tag=eloabder-20&linkCode=osi&th=1&psc=1"><img src="https://m.media-amazon.com/images/I/51QfOhhRTAL._SL500_.jpg" alt="Product Image"></a><p>Hanes Boys' Big Performance Tween Boxer Brief Pack, X-Temp Mesh Underwear, Assorted, Black/Blue/Green/Grey - 6 Pack, Small</p><p>$15.29</p><a href="https://www.amazon.com/dp/B0CC6VPJ9T?tag=eloabder-20&linkCode=osi&th=1&psc=1">View Product</a></div><div class="product"><a href="https://www.amazon.com/dp/B0BHX9MGTV?tag=eloabder-20&linkCode=osi&th=1&psc=1"><img src="https://m.media-amazon.com/images/I/41xmYCCb5TL._SL500_.jpg" alt="Product Image"></a><p>Hanes Men's Boys Boxer Briefs Pack, Cool Comfort Tagless Underwear, 7-Pack, Assorted, Large</p><p>$13.00</p><a href="https://www.amazon.com/dp/B0BHX9MGTV?tag=eloabder-20&linkCode=osi&th=1&psc=1">View Product</a></div><div class="product"><a href="https://www.amazon.com/dp/B071JVXMBW?tag=eloabder-20&linkCode=osi&th=1&psc=1"><img src="https://m.media-amazon.com/images/I/41dDO730qNL._SL500_.jpg" alt="Product Image"></a><p>Hanes Boys' and Toddler Underwear, Comfort Flex and ComfortSoft Boxer Briefs, Multiple Packs Available, Assorted-7 Pack, Large</p><p>$13.00</p><a href="https://www.amazon.com/dp/B071JVXMBW?tag=eloabder-20&linkCode=osi&th=1&psc=1">View Product</a></div>
<div class="product"><a href="https://www.amazon.com/dp/B0BHX978MW?tag=eloabder-20&linkCode=osi&th=1&psc=1"><img src="https://m.media-amazon.com/images/I/41DVOhGuwJL._SL500_.jpg" alt="Product Image"></a><p>Hanes Boys' and Toddler Underwear, Comfort Flex and ComfortSoft Boxer Briefs, Multiple Packs Available, Solids/Prints Assorted-pack of 10, Large</p><p>$18.49</p><a href="https://www.amazon.com/dp/B0BHX978MW?tag=eloabder-20&linkCode=osi&th=1&psc=1">View Product</a></div>
<div class="product"><a href="https://www.amazon.com/dp/B0BHXBJPZ6?tag=eloabder-20&linkCode=osi&th=1&psc=1"><img src="https://m.media-amazon.com/images/I/41xmYCCb5TL._SL500_.jpg" alt="Product Image"></a><p>Hanes Men's Boys Boxer Briefs Pack, Cool Comfort Tagless Underwear, 7-Pack, Assorted, Small</p><p>$13.00</p><a href="https://www.amazon.com/dp/B0BHXBJPZ6?tag=eloabder-20&linkCode=osi&th=1&psc=1">View Product</a></div><div class="product"><a href="https://www.amazon.com/dp/B07T9FYQS8?tag=eloabder-20&linkCode=osi&th=1&psc=1"><img src="https://m.media-amazon.com/images/I/41hpu+H+4BS._SL500_.jpg" alt="Product Image"></a><p>Hanes Boys' X-Temp Boxer Briefs, Moisture Wicking Breathable Underwear, Tagless, Assorted 6 Pack, Medium</p><p>$14.45</p><a href="https://www.amazon.com/dp/B07T9FYQS8?tag=eloabder-20&linkCode=osi&th=1&psc=1">View Product</a></div>
<div class="product"><a href="https://www.amazon.com/dp/B00S4GMSOI?tag=eloabder-20&linkCode=osi&th=1&psc=1"><img src="https://m.media-amazon.com/images/I/31iFPCkYcTL._SL500_.jpg" alt="Product Image"></a><p>Hanes Boys Socks, Double Tough Cushioned Crew 12-pair Packs Athletic-socks, White/Grey Bottom, Large US</p><p>$9.99</p><a href="https://www.amazon.com/dp/B00S4GMSOI?tag=eloabder-20&linkCode=osi&th=1&psc=1">View Product</a></div>



























<div class="product"><a href="https://www.amazon.com/dp/B07VWPNFMD?tag=eloabder-20&linkCode=osi&th=1&psc=1"><img src="https://m.media-amazon.com/images/I/41LJTb0eozL._SL500_.jpg" alt="Product Image"></a><p>Under Armour Youth Training Cotton Crew Socks, Multipairs , Black (6-Pairs) , Small</p><p>$17.99</p><a href="https://www.amazon.com/dp/B07VWPNFMD?tag=eloabder-20&linkCode=osi&th=1&psc=1">View Product</a></div>
<div class="product"><a href="https://www.amazon.com/dp/B00BXFGBAY?tag=eloabder-20&linkCode=osi&th=1&psc=1"><img src="https://m.media-amazon.com/images/I/31u+gpU4SqL._SL500_.jpg" alt="Product Image"></a><p>PHILIP B. Gentle Conditioning Shampoo 32 oz. (947 ml) | Light-weight Hair Moisturizer, Protecting Color, Adds Softness and Shine</p><p>$115.00 ($3.59 / Fl Oz)</p><a href="https://www.amazon.com/dp/B00BXFGBAY?tag=eloabder-20&linkCode=osi&th=1&psc=1">View Product</a></div>


<div class="product"><a href="https://www.amazon.com/dp/B07P9RWTVK?tag=eloabder-20&linkCode=osi&th=1&psc=1"><img src="https://m.media-amazon.com/images/I/51UYs9+XaEL._SL500_.jpg" alt="Product Image"></a><p>Cczmfeas Boys Toddler Dinosaur Cotton Underwear Boxer Briefs 6 Pack (6-8 Years, C- 6 Pack) Navy</p><p>$14.99</p><a href="https://www.amazon.com/dp/B07P9RWTVK?tag=eloabder-20&linkCode=osi&th=1&psc=1">View Product</a></div>





















<div class="product"><a href="https://www.amazon.com/dp/B07JXFXFDN?tag=eloabder-20&linkCode=osi&th=1&psc=1"><img src="https://m.media-amazon.com/images/I/31cedI+SL+L._SL500_.jpg" alt="Product Image"></a><p>Amazon Essentials Boys' Cotton Crew Sports Socks, 10 Pairs, White Stripe, Medium</p><p>$13.30</p><a href="https://www.amazon.com/dp/B07JXFXFDN?tag=eloabder-20&linkCode=osi&th=1&psc=1">View Product</a></div><div class="product"><a href="https://www.amazon.com/dp/B07JL9J6NW?tag=eloabder-20&linkCode=osi&th=1&psc=1"><img src="https://m.media-amazon.com/images/I/31TqyKO3LzL._SL500_.jpg" alt="Product Image"></a><p>Amazon Essentials Unisex Kids' Cotton Crew Socks, 10 Pairs, White/Grey, Large</p><p>$11.40</p><a href="https://www.amazon.com/dp/B07JL9J6NW?tag=eloabder-20&linkCode=osi&th=1&psc=1">View Product</a></div>











<div class="product"><a href="https://www.amazon.com/dp/B00VTVE4Z6?tag=eloabder-20&linkCode=osi&th=1&psc=1"><img src="https://m.media-amazon.com/images/I/21Gp9b3ASJL._SL500_.jpg" alt="Product Image"></a><p>Fruit Of The Loom Boys Eversoft Cotton Undershirts, T Shirts & Tank Tops Underwear, T Shirt - Boys - 5 Pack - White, X-Large US</p><p>$9.99</p><a href="https://www.amazon.com/dp/B00VTVE4Z6?tag=eloabder-20&linkCode=osi&th=1&psc=1">View Product</a></div>

<div class="product"><a href="https://www.amazon.com/dp/B07T8C2FGP?tag=eloabder-20&linkCode=osi&th=1&psc=1"><img src="https://m.media-amazon.com/images/I/11REPowhbuL._SL500_.jpg" alt="Product Image"></a><p>Hanes Boys' Tank Undershirt, EcoSmart Cotton Shirt, Multiple Packs Available, White, Small</p><p>$9.00</p><a href="https://www.amazon.com/dp/B07T8C2FGP?tag=eloabder-20&linkCode=osi&th=1&psc=1">View Product</a></div><div class="product"><a href="https://www.amazon.com/dp/B07GLLY1B5?tag=eloabder-20&linkCode=osi&th=1&psc=1"><img src="https://m.media-amazon.com/images/I/21jImswBMOL._SL500_.jpg" alt="Product Image"></a><p>Fruit Of The Loom Boys Eversoft Cotton Undershirts, T Shirts & Tank Tops Underwear, Tank - Boys - 10 Pack - White, Small US</p><p>$18.99</p><a href="https://www.amazon.com/dp/B07GLLY1B5?tag=eloabder-20&linkCode=osi&th=1&psc=1">View Product</a></div>

















<div class="product"><a href="https://www.amazon.com/dp/B0CC6T1BXL?tag=eloabder-20&linkCode=osi&th=1&psc=1"><img src="https://m.media-amazon.com/images/I/51QfOhhRTAL._SL500_.jpg" alt="Product Image"></a><p>Hanes Boys' Big Performance Tween Boxer Brief Pack, X-Temp Mesh Underwear, Assorted, 6-Pack, Black/Blue/Green/Grey-6 Pack, X-Large</p><p>$16.13</p><a href="https://www.amazon.com/dp/B0CC6T1BXL?tag=eloabder-20&linkCode=osi&th=1&psc=1">View Product</a></div>
<div class="product"><a href="https://www.amazon.com/dp/B0CC6VPJ9T?tag=eloabder-20&linkCode=osi&th=1&psc=1"><img src="https://m.media-amazon.com/images/I/51QfOhhRTAL._SL500_.jpg" alt="Product Image"></a><p>Hanes Boys' Big Performance Tween Boxer Brief Pack, X-Temp Mesh Underwear, Assorted, Black/Blue/Green/Grey - 6 Pack, Small</p><p>$15.29</p><a href="https://www.amazon.com/dp/B0CC6VPJ9T?tag=eloabder-20&linkCode=osi&th=1&psc=1">View Product</a></div><div class="product"><a href="https://www.amazon.com/dp/B0BHX9MGTV?tag=eloabder-20&linkCode=osi&th=1&psc=1"><img src="https://m.media-amazon.com/images/I/41xmYCCb5TL._SL500_.jpg" alt="Product Image"></a><p>Hanes Men's Boys Boxer Briefs Pack, Cool Comfort Tagless Underwear, 7-Pack, Assorted, Large</p><p>$13.00</p><a href="https://www.amazon.com/dp/B0BHX9MGTV?tag=eloabder-20&linkCode=osi&th=1&psc=1">View Product</a></div><div class="product"><a href="https://www.amazon.com/dp/B071JVXMBW?tag=eloabder-20&linkCode=osi&th=1&psc=1"><img src="https://m.media-amazon.com/images/I/41dDO730qNL._SL500_.jpg" alt="Product Image"></a><p>Hanes Boys' and Toddler Underwear, Comfort Flex and ComfortSoft Boxer Briefs, Multiple Packs Available, Assorted-7 Pack, Large</p><p>$13.00</p><a href="https://www.amazon.com/dp/B071JVXMBW?tag=eloabder-20&linkCode=osi&th=1&psc=1">View Product</a></div>
<div class="product"><a href="https://www.amazon.com/dp/B0BHX978MW?tag=eloabder-20&linkCode=osi&th=1&psc=1"><img src="https://m.media-amazon.com/images/I/41DVOhGuwJL._SL500_.jpg" alt="Product Image"></a><p>Hanes Boys' and Toddler Underwear, Comfort Flex and ComfortSoft Boxer Briefs, Multiple Packs Available, Solids/Prints Assorted-pack of 10, Large</p><p>$18.49</p><a href="https://www.amazon.com/dp/B0BHX978MW?tag=eloabder-20&linkCode=osi&th=1&psc=1">View Product</a></div>
<div class="product"><a href="https://www.amazon.com/dp/B0BHXBJPZ6?tag=eloabder-20&linkCode=osi&th=1&psc=1"><img src="https://m.media-amazon.com/images/I/41xmYCCb5TL._SL500_.jpg" alt="Product Image"></a><p>Hanes Men's Boys Boxer Briefs Pack, Cool Comfort Tagless Underwear, 7-Pack, Assorted, Small</p><p>$13.00</p><a href="https://www.amazon.com/dp/B0BHXBJPZ6?tag=eloabder-20&linkCode=osi&th=1&psc=1">View Product</a></div><div class="product"><a href="https://www.amazon.com/dp/B07T9FYQS8?tag=eloabder-20&linkCode=osi&th=1&psc=1"><img src="https://m.media-amazon.com/images/I/41hpu+H+4BS._SL500_.jpg" alt="Product Image"></a><p>Hanes Boys' X-Temp Boxer Briefs, Moisture Wicking Breathable Underwear, Tagless, Assorted 6 Pack, Medium</p><p>$14.45</p><a href="https://www.amazon.com/dp/B07T9FYQS8?tag=eloabder-20&linkCode=osi&th=1&psc=1">View Product</a></div>
<div class="product"><a href="https://www.amazon.com/dp/B00S4GMSOI?tag=eloabder-20&linkCode=osi&th=1&psc=1"><img src="https://m.media-amazon.com/images/I/31iFPCkYcTL._SL500_.jpg" alt="Product Image"></a><p>Hanes Boys Socks, Double Tough Cushioned Crew 12-pair Packs Athletic-socks, White/Grey Bottom, Large US</p><p>$9.99</p><a href="https://www.amazon.com/dp/B00S4GMSOI?tag=eloabder-20&linkCode=osi&th=1&psc=1">View Product</a></div>



























<div class="product"><a href="https://www.amazon.com/dp/B07VWPNFMD?tag=eloabder-20&linkCode=osi&th=1&psc=1"><img src="https://m.media-amazon.com/images/I/41LJTb0eozL._SL500_.jpg" alt="Product Image"></a><p>Under Armour Youth Training Cotton Crew Socks, Multipairs , Black (6-Pairs) , Small</p><p>$17.99</p><a href="https://www.amazon.com/dp/B07VWPNFMD?tag=eloabder-20&linkCode=osi&th=1&psc=1">View Product</a></div>
<div class="product"><a href="https://www.amazon.com/dp/B00BXFGBAY?tag=eloabder-20&linkCode=osi&th=1&psc=1"><img src="https://m.media-amazon.com/images/I/31u+gpU4SqL._SL500_.jpg" alt="Product Image"></a><p>PHILIP B. Gentle Conditioning Shampoo 32 oz. (947 ml) | Light-weight Hair Moisturizer, Protecting Color, Adds Softness and Shine</p><p>$115.00 ($3.59 / Fl Oz)</p><a href="https://www.amazon.com/dp/B00BXFGBAY?tag=eloabder-20&linkCode=osi&th=1&psc=1">View Product</a></div>


<div class="product"><a href="https://www.amazon.com/dp/B07P9RWTVK?tag=eloabder-20&linkCode=osi&th=1&psc=1"><img src="https://m.media-amazon.com/images/I/51UYs9+XaEL._SL500_.jpg" alt="Product Image"></a><p>Cczmfeas Boys Toddler Dinosaur Cotton Underwear Boxer Briefs 6 Pack (6-8 Years, C- 6 Pack) Navy</p><p>$14.99</p><a href="https://www.amazon.com/dp/B07P9RWTVK?tag=eloabder-20&linkCode=osi&th=1&psc=1">View Product</a></div>





















<div class="product"><a href="https://www.amazon.com/dp/B07JXFXFDN?tag=eloabder-20&linkCode=osi&th=1&psc=1"><img src="https://m.media-amazon.com/images/I/31cedI+SL+L._SL500_.jpg" alt="Product Image"></a><p>Amazon Essentials Boys' Cotton Crew Sports Socks, 10 Pairs, White Stripe, Medium</p><p>$13.30</p><a href="https://www.amazon.com/dp/B07JXFXFDN?tag=eloabder-20&linkCode=osi&th=1&psc=1">View Product</a></div><div class="product"><a href="https://www.amazon.com/dp/B07JL9J6NW?tag=eloabder-20&linkCode=osi&th=1&psc=1"><img src="https://m.media-amazon.com/images/I/31TqyKO3LzL._SL500_.jpg" alt="Product Image"></a><p>Amazon Essentials Unisex Kids' Cotton Crew Socks, 10 Pairs, White/Grey, Large</p><p>$11.40</p><a href="https://www.amazon.com/dp/B07JL9J6NW?tag=eloabder-20&linkCode=osi&th=1&psc=1">View Product</a></div>












<div class="product"><a href="https://www.amazon.com/dp/B00VTVE4Z6?tag=eloabder-20&linkCode=osi&th=1&psc=1"><img src="https://m.media-amazon.com/images/I/21Gp9b3ASJL._SL500_.jpg" alt="Product Image"></a><p>Fruit Of The Loom Boys Eversoft Cotton Undershirts, T Shirts & Tank Tops Underwear, T Shirt - Boys - 5 Pack - White, X-Large US</p><p>$9.99</p><a href="https://www.amazon.com/dp/B00VTVE4Z6?tag=eloabder-20&linkCode=osi&th=1&psc=1">View Product</a></div>

<div class="product"><a href="https://www.amazon.com/dp/B07T8C2FGP?tag=eloabder-20&linkCode=osi&th=1&psc=1"><img src="https://m.media-amazon.com/images/I/11REPowhbuL._SL500_.jpg" alt="Product Image"></a><p>Hanes Boys' Tank Undershirt, EcoSmart Cotton Shirt, Multiple Packs Available, White, Small</p><p>$9.00</p><a href="https://www.amazon.com/dp/B07T8C2FGP?tag=eloabder-20&linkCode=osi&th=1&psc=1">View Product</a></div><div class="product"><a href="https://www.amazon.com/dp/B07GLLY1B5?tag=eloabder-20&linkCode=osi&th=1&psc=1"><img src="https://m.media-amazon.com/images/I/21jImswBMOL._SL500_.jpg" alt="Product Image"></a><p>Fruit Of The Loom Boys Eversoft Cotton Undershirts, T Shirts & Tank Tops Underwear, Tank - Boys - 10 Pack - White, Small US</p><p>$18.99</p><a href="https://www.amazon.com/dp/B07GLLY1B5?tag=eloabder-20&linkCode=osi&th=1&psc=1">View Product</a></div>

















<div class="product"><a href="https://www.amazon.com/dp/B0CC6T1BXL?tag=eloabder-20&linkCode=osi&th=1&psc=1"><img src="https://m.media-amazon.com/images/I/51QfOhhRTAL._SL500_.jpg" alt="Product Image"></a><p>Hanes Boys' Big Performance Tween Boxer Brief Pack, X-Temp Mesh Underwear, Assorted, 6-Pack, Black/Blue/Green/Grey-6 Pack, X-Large</p><p>$16.13</p><a href="https://www.amazon.com/dp/B0CC6T1BXL?tag=eloabder-20&linkCode=osi&th=1&psc=1">View Product</a></div>
<div class="product"><a href="https://www.amazon.com/dp/B0CC6VPJ9T?tag=eloabder-20&linkCode=osi&th=1&psc=1"><img src="https://m.media-amazon.com/images/I/51QfOhhRTAL._SL500_.jpg" alt="Product Image"></a><p>Hanes Boys' Big Performance Tween Boxer Brief Pack, X-Temp Mesh Underwear, Assorted, Black/Blue/Green/Grey - 6 Pack, Small</p><p>$15.29</p><a href="https://www.amazon.com/dp/B0CC6VPJ9T?tag=eloabder-20&linkCode=osi&th=1&psc=1">View Product</a></div><div class="product"><a href="https://www.amazon.com/dp/B0BHX9MGTV?tag=eloabder-20&linkCode=osi&th=1&psc=1"><img src="https://m.media-amazon.com/images/I/41xmYCCb5TL._SL500_.jpg" alt="Product Image"></a><p>Hanes Men's Boys Boxer Briefs Pack, Cool Comfort Tagless Underwear, 7-Pack, Assorted, Large</p><p>$13.00</p><a href="https://www.amazon.com/dp/B0BHX9MGTV?tag=eloabder-20&linkCode=osi&th=1&psc=1">View Product</a></div><div class="product"><a href="https://www.amazon.com/dp/B071JVXMBW?tag=eloabder-20&linkCode=osi&th=1&psc=1"><img src="https://m.media-amazon.com/images/I/41dDO730qNL._SL500_.jpg" alt="Product Image"></a><p>Hanes Boys' and Toddler Underwear, Comfort Flex and ComfortSoft Boxer Briefs, Multiple Packs Available, Assorted-7 Pack, Large</p><p>$13.00</p><a href="https://www.amazon.com/dp/B071JVXMBW?tag=eloabder-20&linkCode=osi&th=1&psc=1">View Product</a></div>
<div class="product"><a href="https://www.amazon.com/dp/B0BHX978MW?tag=eloabder-20&linkCode=osi&th=1&psc=1"><img src="https://m.media-amazon.com/images/I/41DVOhGuwJL._SL500_.jpg" alt="Product Image"></a><p>Hanes Boys' and Toddler Underwear, Comfort Flex and ComfortSoft Boxer Briefs, Multiple Packs Available, Solids/Prints Assorted-pack of 10, Large</p><p>$18.49</p><a href="https://www.amazon.com/dp/B0BHX978MW?tag=eloabder-20&linkCode=osi&th=1&psc=1">View Product</a></div>
<div class="product"><a href="https://www.amazon.com/dp/B0BHXBJPZ6?tag=eloabder-20&linkCode=osi&th=1&psc=1"><img src="https://m.media-amazon.com/images/I/41xmYCCb5TL._SL500_.jpg" alt="Product Image"></a><p>Hanes Men's Boys Boxer Briefs Pack, Cool Comfort Tagless Underwear, 7-Pack, Assorted, Small</p><p>$13.00</p><a href="https://www.amazon.com/dp/B0BHXBJPZ6?tag=eloabder-20&linkCode=osi&th=1&psc=1">View Product</a></div><div class="product"><a href="https://www.amazon.com/dp/B07T9FYQS8?tag=eloabder-20&linkCode=osi&th=1&psc=1"><img src="https://m.media-amazon.com/images/I/41hpu+H+4BS._SL500_.jpg" alt="Product Image"></a><p>Hanes Boys' X-Temp Boxer Briefs, Moisture Wicking Breathable Underwear, Tagless, Assorted 6 Pack, Medium</p><p>$14.45</p><a href="https://www.amazon.com/dp/B07T9FYQS8?tag=eloabder-20&linkCode=osi&th=1&psc=1">View Product</a></div>
<div class="product"><a href="https://www.amazon.com/dp/B00S4GMSOI?tag=eloabder-20&linkCode=osi&th=1&psc=1"><img src="https://m.media-amazon.com/images/I/31iFPCkYcTL._SL500_.jpg" alt="Product Image"></a><p>Hanes Boys Socks, Double Tough Cushioned Crew 12-pair Packs Athletic-socks, White/Grey Bottom, Large US</p><p>$9.99</p><a href="https://www.amazon.com/dp/B00S4GMSOI?tag=eloabder-20&linkCode=osi&th=1&psc=1">View Product</a></div>



























<div class="product"><a href="https://www.amazon.com/dp/B07VWPNFMD?tag=eloabder-20&linkCode=osi&th=1&psc=1"><img src="https://m.media-amazon.com/images/I/41LJTb0eozL._SL500_.jpg" alt="Product Image"></a><p>Under Armour Youth Training Cotton Crew Socks, Multipairs , Black (6-Pairs) , Small</p><p>$17.99</p><a href="https://www.amazon.com/dp/B07VWPNFMD?tag=eloabder-20&linkCode=osi&th=1&psc=1">View Product</a></div>
<div class="product"><a href="https://www.amazon.com/dp/B00BXFGBAY?tag=eloabder-20&linkCode=osi&th=1&psc=1"><img src="https://m.media-amazon.com/images/I/31u+gpU4SqL._SL500_.jpg" alt="Product Image"></a><p>PHILIP B. Gentle Conditioning Shampoo 32 oz. (947 ml) | Light-weight Hair Moisturizer, Protecting Color, Adds Softness and Shine</p><p>$115.00 ($3.59 / Fl Oz)</p><a href="https://www.amazon.com/dp/B00BXFGBAY?tag=eloabder-20&linkCode=osi&th=1&psc=1">View Product</a></div>


<div class="product"><a href="https://www.amazon.com/dp/B07P9RWTVK?tag=eloabder-20&linkCode=osi&th=1&psc=1"><img src="https://m.media-amazon.com/images/I/51UYs9+XaEL._SL500_.jpg" alt="Product Image"></a><p>Cczmfeas Boys Toddler Dinosaur Cotton Underwear Boxer Briefs 6 Pack (6-8 Years, C- 6 Pack) Navy</p><p>$14.99</p><a href="https://www.amazon.com/dp/B07P9RWTVK?tag=eloabder-20&linkCode=osi&th=1&psc=1">View Product</a></div>





















<div class="product"><a href="https://www.amazon.com/dp/B07JXFXFDN?tag=eloabder-20&linkCode=osi&th=1&psc=1"><img src="https://m.media-amazon.com/images/I/31cedI+SL+L._SL500_.jpg" alt="Product Image"></a><p>Amazon Essentials Boys' Cotton Crew Sports Socks, 10 Pairs, White Stripe, Medium</p><p>$13.30</p><a href="https://www.amazon.com/dp/B07JXFXFDN?tag=eloabder-20&linkCode=osi&th=1&psc=1">View Product</a></div><div class="product"><a href="https://www.amazon.com/dp/B07JL9J6NW?tag=eloabder-20&linkCode=osi&th=1&psc=1"><img src="https://m.media-amazon.com/images/I/31TqyKO3LzL._SL500_.jpg" alt="Product Image"></a><p>Amazon Essentials Unisex Kids' Cotton Crew Socks, 10 Pairs, White/Grey, Large</p><p>$11.40</p><a href="https://www.amazon.com/dp/B07JL9J6NW?tag=eloabder-20&linkCode=osi&th=1&psc=1">View Product</a></div>













<div class="product"><a href="https://www.amazon.com/dp/B00VTVE4Z6?tag=eloabder-20&linkCode=osi&th=1&psc=1"><img src="https://m.media-amazon.com/images/I/21Gp9b3ASJL._SL500_.jpg" alt="Product Image"></a><p>Fruit Of The Loom Boys Eversoft Cotton Undershirts, T Shirts & Tank Tops Underwear, T Shirt - Boys - 5 Pack - White, X-Large US</p><p>$9.99</p><a href="https://www.amazon.com/dp/B00VTVE4Z6?tag=eloabder-20&linkCode=osi&th=1&psc=1">View Product</a></div>

<div class="product"><a href="https://www.amazon.com/dp/B07T8C2FGP?tag=eloabder-20&linkCode=osi&th=1&psc=1"><img src="https://m.media-amazon.com/images/I/11REPowhbuL._SL500_.jpg" alt="Product Image"></a><p>Hanes Boys' Tank Undershirt, EcoSmart Cotton Shirt, Multiple Packs Available, White, Small</p><p>$9.00</p><a href="https://www.amazon.com/dp/B07T8C2FGP?tag=eloabder-20&linkCode=osi&th=1&psc=1">View Product</a></div><div class="product"><a href="https://www.amazon.com/dp/B07GLLY1B5?tag=eloabder-20&linkCode=osi&th=1&psc=1"><img src="https://m.media-amazon.com/images/I/21jImswBMOL._SL500_.jpg" alt="Product Image"></a><p>Fruit Of The Loom Boys Eversoft Cotton Undershirts, T Shirts & Tank Tops Underwear, Tank - Boys - 10 Pack - White, Small US</p><p>$18.99</p><a href="https://www.amazon.com/dp/B07GLLY1B5?tag=eloabder-20&linkCode=osi&th=1&psc=1">View Product</a></div>

















<div class="product"><a href="https://www.amazon.com/dp/B0CC6T1BXL?tag=eloabder-20&linkCode=osi&th=1&psc=1"><img src="https://m.media-amazon.com/images/I/51QfOhhRTAL._SL500_.jpg" alt="Product Image"></a><p>Hanes Boys' Big Performance Tween Boxer Brief Pack, X-Temp Mesh Underwear, Assorted, 6-Pack, Black/Blue/Green/Grey-6 Pack, X-Large</p><p>$16.13</p><a href="https://www.amazon.com/dp/B0CC6T1BXL?tag=eloabder-20&linkCode=osi&th=1&psc=1">View Product</a></div>
<div class="product"><a href="https://www.amazon.com/dp/B0CC6VPJ9T?tag=eloabder-20&linkCode=osi&th=1&psc=1"><img src="https://m.media-amazon.com/images/I/51QfOhhRTAL._SL500_.jpg" alt="Product Image"></a><p>Hanes Boys' Big Performance Tween Boxer Brief Pack, X-Temp Mesh Underwear, Assorted, Black/Blue/Green/Grey - 6 Pack, Small</p><p>$15.29</p><a href="https://www.amazon.com/dp/B0CC6VPJ9T?tag=eloabder-20&linkCode=osi&th=1&psc=1">View Product</a></div><div class="product"><a href="https://www.amazon.com/dp/B0BHX9MGTV?tag=eloabder-20&linkCode=osi&th=1&psc=1"><img src="https://m.media-amazon.com/images/I/41xmYCCb5TL._SL500_.jpg" alt="Product Image"></a><p>Hanes Men's Boys Boxer Briefs Pack, Cool Comfort Tagless Underwear, 7-Pack, Assorted, Large</p><p>$13.00</p><a href="https://www.amazon.com/dp/B0BHX9MGTV?tag=eloabder-20&linkCode=osi&th=1&psc=1">View Product</a></div><div class="product"><a href="https://www.amazon.com/dp/B071JVXMBW?tag=eloabder-20&linkCode=osi&th=1&psc=1"><img src="https://m.media-amazon.com/images/I/41dDO730qNL._SL500_.jpg" alt="Product Image"></a><p>Hanes Boys' and Toddler Underwear, Comfort Flex and ComfortSoft Boxer Briefs, Multiple Packs Available, Assorted-7 Pack, Large</p><p>$13.00</p><a href="https://www.amazon.com/dp/B071JVXMBW?tag=eloabder-20&linkCode=osi&th=1&psc=1">View Product</a></div>
<div class="product"><a href="https://www.amazon.com/dp/B0BHX978MW?tag=eloabder-20&linkCode=osi&th=1&psc=1"><img src="https://m.media-amazon.com/images/I/41DVOhGuwJL._SL500_.jpg" alt="Product Image"></a><p>Hanes Boys' and Toddler Underwear, Comfort Flex and ComfortSoft Boxer Briefs, Multiple Packs Available, Solids/Prints Assorted-pack of 10, Large</p><p>$18.49</p><a href="https://www.amazon.com/dp/B0BHX978MW?tag=eloabder-20&linkCode=osi&th=1&psc=1">View Product</a></div>
<div class="product"><a href="https://www.amazon.com/dp/B0BHXBJPZ6?tag=eloabder-20&linkCode=osi&th=1&psc=1"><img src="https://m.media-amazon.com/images/I/41xmYCCb5TL._SL500_.jpg" alt="Product Image"></a><p>Hanes Men's Boys Boxer Briefs Pack, Cool Comfort Tagless Underwear, 7-Pack, Assorted, Small</p><p>$13.00</p><a href="https://www.amazon.com/dp/B0BHXBJPZ6?tag=eloabder-20&linkCode=osi&th=1&psc=1">View Product</a></div><div class="product"><a href="https://www.amazon.com/dp/B07T9FYQS8?tag=eloabder-20&linkCode=osi&th=1&psc=1"><img src="https://m.media-amazon.com/images/I/41hpu+H+4BS._SL500_.jpg" alt="Product Image"></a><p>Hanes Boys' X-Temp Boxer Briefs, Moisture Wicking Breathable Underwear, Tagless, Assorted 6 Pack, Medium</p><p>$14.45</p><a href="https://www.amazon.com/dp/B07T9FYQS8?tag=eloabder-20&linkCode=osi&th=1&psc=1">View Product</a></div>
<div class="product"><a href="https://www.amazon.com/dp/B00S4GMSOI?tag=eloabder-20&linkCode=osi&th=1&psc=1"><img src="https://m.media-amazon.com/images/I/31iFPCkYcTL._SL500_.jpg" alt="Product Image"></a><p>Hanes Boys Socks, Double Tough Cushioned Crew 12-pair Packs Athletic-socks, White/Grey Bottom, Large US</p><p>$9.99</p><a href="https://www.amazon.com/dp/B00S4GMSOI?tag=eloabder-20&linkCode=osi&th=1&psc=1">View Product</a></div>



























<div class="product"><a href="https://www.amazon.com/dp/B07VWPNFMD?tag=eloabder-20&linkCode=osi&th=1&psc=1"><img src="https://m.media-amazon.com/images/I/41LJTb0eozL._SL500_.jpg" alt="Product Image"></a><p>Under Armour Youth Training Cotton Crew Socks, Multipairs , Black (6-Pairs) , Small</p><p>$17.99</p><a href="https://www.amazon.com/dp/B07VWPNFMD?tag=eloabder-20&linkCode=osi&th=1&psc=1">View Product</a></div>
<div class="product"><a href="https://www.amazon.com/dp/B00BXFGBAY?tag=eloabder-20&linkCode=osi&th=1&psc=1"><img src="https://m.media-amazon.com/images/I/31u+gpU4SqL._SL500_.jpg" alt="Product Image"></a><p>PHILIP B. Gentle Conditioning Shampoo 32 oz. (947 ml) | Light-weight Hair Moisturizer, Protecting Color, Adds Softness and Shine</p><p>$115.00 ($3.59 / Fl Oz)</p><a href="https://www.amazon.com/dp/B00BXFGBAY?tag=eloabder-20&linkCode=osi&th=1&psc=1">View Product</a></div>


<div class="product"><a href="https://www.amazon.com/dp/B07P9RWTVK?tag=eloabder-20&linkCode=osi&th=1&psc=1"><img src="https://m.media-amazon.com/images/I/51UYs9+XaEL._SL500_.jpg" alt="Product Image"></a><p>Cczmfeas Boys Toddler Dinosaur Cotton Underwear Boxer Briefs 6 Pack (6-8 Years, C- 6 Pack) Navy</p><p>$14.99</p><a href="https://www.amazon.com/dp/B07P9RWTVK?tag=eloabder-20&linkCode=osi&th=1&psc=1">View Product</a></div>





















<div class="product"><a href="https://www.amazon.com/dp/B07JXFXFDN?tag=eloabder-20&linkCode=osi&th=1&psc=1"><img src="https://m.media-amazon.com/images/I/31cedI+SL+L._SL500_.jpg" alt="Product Image"></a><p>Amazon Essentials Boys' Cotton Crew Sports Socks, 10 Pairs, White Stripe, Medium</p><p>$13.30</p><a href="https://www.amazon.com/dp/B07JXFXFDN?tag=eloabder-20&linkCode=osi&th=1&psc=1">View Product</a></div><div class="product"><a href="https://www.amazon.com/dp/B07JL9J6NW?tag=eloabder-20&linkCode=osi&th=1&psc=1"><img src="https://m.media-amazon.com/images/I/31TqyKO3LzL._SL500_.jpg" alt="Product Image"></a><p>Amazon Essentials Unisex Kids' Cotton Crew Socks, 10 Pairs, White/Grey, Large</p><p>$11.40</p><a href="https://www.amazon.com/dp/B07JL9J6NW?tag=eloabder-20&linkCode=osi&th=1&psc=1">View Product</a></div>














<div class="product"><a href="https://www.amazon.com/dp/B00VTVE4Z6?tag=eloabder-20&linkCode=osi&th=1&psc=1"><img src="https://m.media-amazon.com/images/I/21Gp9b3ASJL._SL500_.jpg" alt="Product Image"></a><p>Fruit Of The Loom Boys Eversoft Cotton Undershirts, T Shirts & Tank Tops Underwear, T Shirt - Boys - 5 Pack - White, X-Large US</p><p>$9.99</p><a href="https://www.amazon.com/dp/B00VTVE4Z6?tag=eloabder-20&linkCode=osi&th=1&psc=1">View Product</a></div>

<div class="product"><a href="https://www.amazon.com/dp/B07T8C2FGP?tag=eloabder-20&linkCode=osi&th=1&psc=1"><img src="https://m.media-amazon.com/images/I/11REPowhbuL._SL500_.jpg" alt="Product Image"></a><p>Hanes Boys' Tank Undershirt, EcoSmart Cotton Shirt, Multiple Packs Available, White, Small</p><p>$9.00</p><a href="https://www.amazon.com/dp/B07T8C2FGP?tag=eloabder-20&linkCode=osi&th=1&psc=1">View Product</a></div><div class="product"><a href="https://www.amazon.com/dp/B07GLLY1B5?tag=eloabder-20&linkCode=osi&th=1&psc=1"><img src="https://m.media-amazon.com/images/I/21jImswBMOL._SL500_.jpg" alt="Product Image"></a><p>Fruit Of The Loom Boys Eversoft Cotton Undershirts, T Shirts & Tank Tops Underwear, Tank - Boys - 10 Pack - White, Small US</p><p>$18.99</p><a href="https://www.amazon.com/dp/B07GLLY1B5?tag=eloabder-20&linkCode=osi&th=1&psc=1">View Product</a></div>

















<div class="product"><a href="https://www.amazon.com/dp/B0CC6T1BXL?tag=eloabder-20&linkCode=osi&th=1&psc=1"><img src="https://m.media-amazon.com/images/I/51QfOhhRTAL._SL500_.jpg" alt="Product Image"></a><p>Hanes Boys' Big Performance Tween Boxer Brief Pack, X-Temp Mesh Underwear, Assorted, 6-Pack, Black/Blue/Green/Grey-6 Pack, X-Large</p><p>$16.13</p><a href="https://www.amazon.com/dp/B0CC6T1BXL?tag=eloabder-20&linkCode=osi&th=1&psc=1">View Product</a></div>
<div class="product"><a href="https://www.amazon.com/dp/B0CC6VPJ9T?tag=eloabder-20&linkCode=osi&th=1&psc=1"><img src="https://m.media-amazon.com/images/I/51QfOhhRTAL._SL500_.jpg" alt="Product Image"></a><p>Hanes Boys' Big Performance Tween Boxer Brief Pack, X-Temp Mesh Underwear, Assorted, Black/Blue/Green/Grey - 6 Pack, Small</p><p>$15.29</p><a href="https://www.amazon.com/dp/B0CC6VPJ9T?tag=eloabder-20&linkCode=osi&th=1&psc=1">View Product</a></div><div class="product"><a href="https://www.amazon.com/dp/B0BHX9MGTV?tag=eloabder-20&linkCode=osi&th=1&psc=1"><img src="https://m.media-amazon.com/images/I/41xmYCCb5TL._SL500_.jpg" alt="Product Image"></a><p>Hanes Men's Boys Boxer Briefs Pack, Cool Comfort Tagless Underwear, 7-Pack, Assorted, Large</p><p>$13.00</p><a href="https://www.amazon.com/dp/B0BHX9MGTV?tag=eloabder-20&linkCode=osi&th=1&psc=1">View Product</a></div><div class="product"><a href="https://www.amazon.com/dp/B071JVXMBW?tag=eloabder-20&linkCode=osi&th=1&psc=1"><img src="https://m.media-amazon.com/images/I/41dDO730qNL._SL500_.jpg" alt="Product Image"></a><p>Hanes Boys' and Toddler Underwear, Comfort Flex and ComfortSoft Boxer Briefs, Multiple Packs Available, Assorted-7 Pack, Large</p><p>$13.00</p><a href="https://www.amazon.com/dp/B071JVXMBW?tag=eloabder-20&linkCode=osi&th=1&psc=1">View Product</a></div>
<div class="product"><a href="https://www.amazon.com/dp/B0BHX978MW?tag=eloabder-20&linkCode=osi&th=1&psc=1"><img src="https://m.media-amazon.com/images/I/41DVOhGuwJL._SL500_.jpg" alt="Product Image"></a><p>Hanes Boys' and Toddler Underwear, Comfort Flex and ComfortSoft Boxer Briefs, Multiple Packs Available, Solids/Prints Assorted-pack of 10, Large</p><p>$18.49</p><a href="https://www.amazon.com/dp/B0BHX978MW?tag=eloabder-20&linkCode=osi&th=1&psc=1">View Product</a></div>
<div class="product"><a href="https://www.amazon.com/dp/B0BHXBJPZ6?tag=eloabder-20&linkCode=osi&th=1&psc=1"><img src="https://m.media-amazon.com/images/I/41xmYCCb5TL._SL500_.jpg" alt="Product Image"></a><p>Hanes Men's Boys Boxer Briefs Pack, Cool Comfort Tagless Underwear, 7-Pack, Assorted, Small</p><p>$13.00</p><a href="https://www.amazon.com/dp/B0BHXBJPZ6?tag=eloabder-20&linkCode=osi&th=1&psc=1">View Product</a></div><div class="product"><a href="https://www.amazon.com/dp/B07T9FYQS8?tag=eloabder-20&linkCode=osi&th=1&psc=1"><img src="https://m.media-amazon.com/images/I/41hpu+H+4BS._SL500_.jpg" alt="Product Image"></a><p>Hanes Boys' X-Temp Boxer Briefs, Moisture Wicking Breathable Underwear, Tagless, Assorted 6 Pack, Medium</p><p>$14.45</p><a href="https://www.amazon.com/dp/B07T9FYQS8?tag=eloabder-20&linkCode=osi&th=1&psc=1">View Product</a></div>
<div class="product"><a href="https://www.amazon.com/dp/B00S4GMSOI?tag=eloabder-20&linkCode=osi&th=1&psc=1"><img src="https://m.media-amazon.com/images/I/31iFPCkYcTL._SL500_.jpg" alt="Product Image"></a><p>Hanes Boys Socks, Double Tough Cushioned Crew 12-pair Packs Athletic-socks, White/Grey Bottom, Large US</p><p>$9.99</p><a href="https://www.amazon.com/dp/B00S4GMSOI?tag=eloabder-20&linkCode=osi&th=1&psc=1">View Product</a></div>



























<div class="product"><a href="https://www.amazon.com/dp/B07VWPNFMD?tag=eloabder-20&linkCode=osi&th=1&psc=1"><img src="https://m.media-amazon.com/images/I/41LJTb0eozL._SL500_.jpg" alt="Product Image"></a><p>Under Armour Youth Training Cotton Crew Socks, Multipairs , Black (6-Pairs) , Small</p><p>$17.99</p><a href="https://www.amazon.com/dp/B07VWPNFMD?tag=eloabder-20&linkCode=osi&th=1&psc=1">View Product</a></div>
<div class="product"><a href="https://www.amazon.com/dp/B00BXFGBAY?tag=eloabder-20&linkCode=osi&th=1&psc=1"><img src="https://m.media-amazon.com/images/I/31u+gpU4SqL._SL500_.jpg" alt="Product Image"></a><p>PHILIP B. Gentle Conditioning Shampoo 32 oz. (947 ml) | Light-weight Hair Moisturizer, Protecting Color, Adds Softness and Shine</p><p>$115.00 ($3.59 / Fl Oz)</p><a href="https://www.amazon.com/dp/B00BXFGBAY?tag=eloabder-20&linkCode=osi&th=1&psc=1">View Product</a></div>


<div class="product"><a href="https://www.amazon.com/dp/B07P9RWTVK?tag=eloabder-20&linkCode=osi&th=1&psc=1"><img src="https://m.media-amazon.com/images/I/51UYs9+XaEL._SL500_.jpg" alt="Product Image"></a><p>Cczmfeas Boys Toddler Dinosaur Cotton Underwear Boxer Briefs 6 Pack (6-8 Years, C- 6 Pack) Navy</p><p>$14.99</p><a href="https://www.amazon.com/dp/B07P9RWTVK?tag=eloabder-20&linkCode=osi&th=1&psc=1">View Product</a></div>





















<div class="product"><a href="https://www.amazon.com/dp/B07JXFXFDN?tag=eloabder-20&linkCode=osi&th=1&psc=1"><img src="https://m.media-amazon.com/images/I/31cedI+SL+L._SL500_.jpg" alt="Product Image"></a><p>Amazon Essentials Boys' Cotton Crew Sports Socks, 10 Pairs, White Stripe, Medium</p><p>$13.30</p><a href="https://www.amazon.com/dp/B07JXFXFDN?tag=eloabder-20&linkCode=osi&th=1&psc=1">View Product</a></div><div class="product"><a href="https://www.amazon.com/dp/B07JL9J6NW?tag=eloabder-20&linkCode=osi&th=1&psc=1"><img src="https://m.media-amazon.com/images/I/31TqyKO3LzL._SL500_.jpg" alt="Product Image"></a><p>Amazon Essentials Unisex Kids' Cotton Crew Socks, 10 Pairs, White/Grey, Large</p><p>$11.40</p><a href="https://www.amazon.com/dp/B07JL9J6NW?tag=eloabder-20&linkCode=osi&th=1&psc=1">View Product</a></div>















<div class="product"><a href="https://www.amazon.com/dp/B00VTVE4Z6?tag=eloabder-20&linkCode=osi&th=1&psc=1"><img src="https://m.media-amazon.com/images/I/21Gp9b3ASJL._SL500_.jpg" alt="Product Image"></a><p>Fruit Of The Loom Boys Eversoft Cotton Undershirts, T Shirts & Tank Tops Underwear, T Shirt - Boys - 5 Pack - White, X-Large US</p><p>$9.99</p><a href="https://www.amazon.com/dp/B00VTVE4Z6?tag=eloabder-20&linkCode=osi&th=1&psc=1">View Product</a></div>

<div class="product"><a href="https://www.amazon.com/dp/B07T8C2FGP?tag=eloabder-20&linkCode=osi&th=1&psc=1"><img src="https://m.media-amazon.com/images/I/11REPowhbuL._SL500_.jpg" alt="Product Image"></a><p>Hanes Boys' Tank Undershirt, EcoSmart Cotton Shirt, Multiple Packs Available, White, Small</p><p>$9.00</p><a href="https://www.amazon.com/dp/B07T8C2FGP?tag=eloabder-20&linkCode=osi&th=1&psc=1">View Product</a></div><div class="product"><a href="https://www.amazon.com/dp/B07GLLY1B5?tag=eloabder-20&linkCode=osi&th=1&psc=1"><img src="https://m.media-amazon.com/images/I/21jImswBMOL._SL500_.jpg" alt="Product Image"></a><p>Fruit Of The Loom Boys Eversoft Cotton Undershirts, T Shirts & Tank Tops Underwear, Tank - Boys - 10 Pack - White, Small US</p><p>$18.99</p><a href="https://www.amazon.com/dp/B07GLLY1B5?tag=eloabder-20&linkCode=osi&th=1&psc=1">View Product</a></div>

















<div class="product"><a href="https://www.amazon.com/dp/B0CC6T1BXL?tag=eloabder-20&linkCode=osi&th=1&psc=1"><img src="https://m.media-amazon.com/images/I/51QfOhhRTAL._SL500_.jpg" alt="Product Image"></a><p>Hanes Boys' Big Performance Tween Boxer Brief Pack, X-Temp Mesh Underwear, Assorted, 6-Pack, Black/Blue/Green/Grey-6 Pack, X-Large</p><p>$16.13</p><a href="https://www.amazon.com/dp/B0CC6T1BXL?tag=eloabder-20&linkCode=osi&th=1&psc=1">View Product</a></div>
<div class="product"><a href="https://www.amazon.com/dp/B0CC6VPJ9T?tag=eloabder-20&linkCode=osi&th=1&psc=1"><img src="https://m.media-amazon.com/images/I/51QfOhhRTAL._SL500_.jpg" alt="Product Image"></a><p>Hanes Boys' Big Performance Tween Boxer Brief Pack, X-Temp Mesh Underwear, Assorted, Black/Blue/Green/Grey - 6 Pack, Small</p><p>$15.29</p><a href="https://www.amazon.com/dp/B0CC6VPJ9T?tag=eloabder-20&linkCode=osi&th=1&psc=1">View Product</a></div><div class="product"><a href="https://www.amazon.com/dp/B0BHX9MGTV?tag=eloabder-20&linkCode=osi&th=1&psc=1"><img src="https://m.media-amazon.com/images/I/41xmYCCb5TL._SL500_.jpg" alt="Product Image"></a><p>Hanes Men's Boys Boxer Briefs Pack, Cool Comfort Tagless Underwear, 7-Pack, Assorted, Large</p><p>$13.00</p><a href="https://www.amazon.com/dp/B0BHX9MGTV?tag=eloabder-20&linkCode=osi&th=1&psc=1">View Product</a></div><div class="product"><a href="https://www.amazon.com/dp/B071JVXMBW?tag=eloabder-20&linkCode=osi&th=1&psc=1"><img src="https://m.media-amazon.com/images/I/41dDO730qNL._SL500_.jpg" alt="Product Image"></a><p>Hanes Boys' and Toddler Underwear, Comfort Flex and ComfortSoft Boxer Briefs, Multiple Packs Available, Assorted-7 Pack, Large</p><p>$13.00</p><a href="https://www.amazon.com/dp/B071JVXMBW?tag=eloabder-20&linkCode=osi&th=1&psc=1">View Product</a></div>
<div class="product"><a href="https://www.amazon.com/dp/B0BHX978MW?tag=eloabder-20&linkCode=osi&th=1&psc=1"><img src="https://m.media-amazon.com/images/I/41DVOhGuwJL._SL500_.jpg" alt="Product Image"></a><p>Hanes Boys' and Toddler Underwear, Comfort Flex and ComfortSoft Boxer Briefs, Multiple Packs Available, Solids/Prints Assorted-pack of 10, Large</p><p>$18.49</p><a href="https://www.amazon.com/dp/B0BHX978MW?tag=eloabder-20&linkCode=osi&th=1&psc=1">View Product</a></div>
<div class="product"><a href="https://www.amazon.com/dp/B0BHXBJPZ6?tag=eloabder-20&linkCode=osi&th=1&psc=1"><img src="https://m.media-amazon.com/images/I/41xmYCCb5TL._SL500_.jpg" alt="Product Image"></a><p>Hanes Men's Boys Boxer Briefs Pack, Cool Comfort Tagless Underwear, 7-Pack, Assorted, Small</p><p>$13.00</p><a href="https://www.amazon.com/dp/B0BHXBJPZ6?tag=eloabder-20&linkCode=osi&th=1&psc=1">View Product</a></div><div class="product"><a href="https://www.amazon.com/dp/B07T9FYQS8?tag=eloabder-20&linkCode=osi&th=1&psc=1"><img src="https://m.media-amazon.com/images/I/41hpu+H+4BS._SL500_.jpg" alt="Product Image"></a><p>Hanes Boys' X-Temp Boxer Briefs, Moisture Wicking Breathable Underwear, Tagless, Assorted 6 Pack, Medium</p><p>$14.45</p><a href="https://www.amazon.com/dp/B07T9FYQS8?tag=eloabder-20&linkCode=osi&th=1&psc=1">View Product</a></div>
<div class="product"><a href="https://www.amazon.com/dp/B00S4GMSOI?tag=eloabder-20&linkCode=osi&th=1&psc=1"><img src="https://m.media-amazon.com/images/I/31iFPCkYcTL._SL500_.jpg" alt="Product Image"></a><p>Hanes Boys Socks, Double Tough Cushioned Crew 12-pair Packs Athletic-socks, White/Grey Bottom, Large US</p><p>$9.99</p><a href="https://www.amazon.com/dp/B00S4GMSOI?tag=eloabder-20&linkCode=osi&th=1&psc=1">View Product</a></div>



























<div class="product"><a href="https://www.amazon.com/dp/B07VWPNFMD?tag=eloabder-20&linkCode=osi&th=1&psc=1"><img src="https://m.media-amazon.com/images/I/41LJTb0eozL._SL500_.jpg" alt="Product Image"></a><p>Under Armour Youth Training Cotton Crew Socks, Multipairs , Black (6-Pairs) , Small</p><p>$17.99</p><a href="https://www.amazon.com/dp/B07VWPNFMD?tag=eloabder-20&linkCode=osi&th=1&psc=1">View Product</a></div>
<div class="product"><a href="https://www.amazon.com/dp/B00BXFGBAY?tag=eloabder-20&linkCode=osi&th=1&psc=1"><img src="https://m.media-amazon.com/images/I/31u+gpU4SqL._SL500_.jpg" alt="Product Image"></a><p>PHILIP B. Gentle Conditioning Shampoo 32 oz. (947 ml) | Light-weight Hair Moisturizer, Protecting Color, Adds Softness and Shine</p><p>$115.00 ($3.59 / Fl Oz)</p><a href="https://www.amazon.com/dp/B00BXFGBAY?tag=eloabder-20&linkCode=osi&th=1&psc=1">View Product</a></div>


<div class="product"><a href="https://www.amazon.com/dp/B07P9RWTVK?tag=eloabder-20&linkCode=osi&th=1&psc=1"><img src="https://m.media-amazon.com/images/I/51UYs9+XaEL._SL500_.jpg" alt="Product Image"></a><p>Cczmfeas Boys Toddler Dinosaur Cotton Underwear Boxer Briefs 6 Pack (6-8 Years, C- 6 Pack) Navy</p><p>$14.99</p><a href="https://www.amazon.com/dp/B07P9RWTVK?tag=eloabder-20&linkCode=osi&th=1&psc=1">View Product</a></div>





















<div class="product"><a href="https://www.amazon.com/dp/B07JXFXFDN?tag=eloabder-20&linkCode=osi&th=1&psc=1"><img src="https://m.media-amazon.com/images/I/31cedI+SL+L._SL500_.jpg" alt="Product Image"></a><p>Amazon Essentials Boys' Cotton Crew Sports Socks, 10 Pairs, White Stripe, Medium</p><p>$13.30</p><a href="https://www.amazon.com/dp/B07JXFXFDN?tag=eloabder-20&linkCode=osi&th=1&psc=1">View Product</a></div><div class="product"><a href="https://www.amazon.com/dp/B07JL9J6NW?tag=eloabder-20&linkCode=osi&th=1&psc=1"><img src="https://m.media-amazon.com/images/I/31TqyKO3LzL._SL500_.jpg" alt="Product Image"></a><p>Amazon Essentials Unisex Kids' Cotton Crew Socks, 10 Pairs, White/Grey, Large</p><p>$11.40</p><a href="https://www.amazon.com/dp/B07JL9J6NW?tag=eloabder-20&linkCode=osi&th=1&psc=1">View Product</a></div>
















<div class="product"><a href="https://www.amazon.com/dp/B00VTVE4Z6?tag=eloabder-20&linkCode=osi&th=1&psc=1"><img src="https://m.media-amazon.com/images/I/21Gp9b3ASJL._SL500_.jpg" alt="Product Image"></a><p>Fruit Of The Loom Boys Eversoft Cotton Undershirts, T Shirts & Tank Tops Underwear, T Shirt - Boys - 5 Pack - White, X-Large US</p><p>$9.99</p><a href="https://www.amazon.com/dp/B00VTVE4Z6?tag=eloabder-20&linkCode=osi&th=1&psc=1">View Product</a></div>

<div class="product"><a href="https://www.amazon.com/dp/B07T8C2FGP?tag=eloabder-20&linkCode=osi&th=1&psc=1"><img src="https://m.media-amazon.com/images/I/11REPowhbuL._SL500_.jpg" alt="Product Image"></a><p>Hanes Boys' Tank Undershirt, EcoSmart Cotton Shirt, Multiple Packs Available, White, Small</p><p>$9.00</p><a href="https://www.amazon.com/dp/B07T8C2FGP?tag=eloabder-20&linkCode=osi&th=1&psc=1">View Product</a></div><div class="product"><a href="https://www.amazon.com/dp/B07GLLY1B5?tag=eloabder-20&linkCode=osi&th=1&psc=1"><img src="https://m.media-amazon.com/images/I/21jImswBMOL._SL500_.jpg" alt="Product Image"></a><p>Fruit Of The Loom Boys Eversoft Cotton Undershirts, T Shirts & Tank Tops Underwear, Tank - Boys - 10 Pack - White, Small US</p><p>$18.99</p><a href="https://www.amazon.com/dp/B07GLLY1B5?tag=eloabder-20&linkCode=osi&th=1&psc=1">View Product</a></div>

















<div class="product"><a href="https://www.amazon.com/dp/B0CC6T1BXL?tag=eloabder-20&linkCode=osi&th=1&psc=1"><img src="https://m.media-amazon.com/images/I/51QfOhhRTAL._SL500_.jpg" alt="Product Image"></a><p>Hanes Boys' Big Performance Tween Boxer Brief Pack, X-Temp Mesh Underwear, Assorted, 6-Pack, Black/Blue/Green/Grey-6 Pack, X-Large</p><p>$16.13</p><a href="https://www.amazon.com/dp/B0CC6T1BXL?tag=eloabder-20&linkCode=osi&th=1&psc=1">View Product</a></div>
<div class="product"><a href="https://www.amazon.com/dp/B0CC6VPJ9T?tag=eloabder-20&linkCode=osi&th=1&psc=1"><img src="https://m.media-amazon.com/images/I/51QfOhhRTAL._SL500_.jpg" alt="Product Image"></a><p>Hanes Boys' Big Performance Tween Boxer Brief Pack, X-Temp Mesh Underwear, Assorted, Black/Blue/Green/Grey - 6 Pack, Small</p><p>$15.29</p><a href="https://www.amazon.com/dp/B0CC6VPJ9T?tag=eloabder-20&linkCode=osi&th=1&psc=1">View Product</a></div><div class="product"><a href="https://www.amazon.com/dp/B0BHX9MGTV?tag=eloabder-20&linkCode=osi&th=1&psc=1"><img src="https://m.media-amazon.com/images/I/41xmYCCb5TL._SL500_.jpg" alt="Product Image"></a><p>Hanes Men's Boys Boxer Briefs Pack, Cool Comfort Tagless Underwear, 7-Pack, Assorted, Large</p><p>$13.00</p><a href="https://www.amazon.com/dp/B0BHX9MGTV?tag=eloabder-20&linkCode=osi&th=1&psc=1">View Product</a></div><div class="product"><a href="https://www.amazon.com/dp/B071JVXMBW?tag=eloabder-20&linkCode=osi&th=1&psc=1"><img src="https://m.media-amazon.com/images/I/41dDO730qNL._SL500_.jpg" alt="Product Image"></a><p>Hanes Boys' and Toddler Underwear, Comfort Flex and ComfortSoft Boxer Briefs, Multiple Packs Available, Assorted-7 Pack, Large</p><p>$13.00</p><a href="https://www.amazon.com/dp/B071JVXMBW?tag=eloabder-20&linkCode=osi&th=1&psc=1">View Product</a></div>
<div class="product"><a href="https://www.amazon.com/dp/B0BHX978MW?tag=eloabder-20&linkCode=osi&th=1&psc=1"><img src="https://m.media-amazon.com/images/I/41DVOhGuwJL._SL500_.jpg" alt="Product Image"></a><p>Hanes Boys' and Toddler Underwear, Comfort Flex and ComfortSoft Boxer Briefs, Multiple Packs Available, Solids/Prints Assorted-pack of 10, Large</p><p>$18.49</p><a href="https://www.amazon.com/dp/B0BHX978MW?tag=eloabder-20&linkCode=osi&th=1&psc=1">View Product</a></div>
<div class="product"><a href="https://www.amazon.com/dp/B0BHXBJPZ6?tag=eloabder-20&linkCode=osi&th=1&psc=1"><img src="https://m.media-amazon.com/images/I/41xmYCCb5TL._SL500_.jpg" alt="Product Image"></a><p>Hanes Men's Boys Boxer Briefs Pack, Cool Comfort Tagless Underwear, 7-Pack, Assorted, Small</p><p>$13.00</p><a href="https://www.amazon.com/dp/B0BHXBJPZ6?tag=eloabder-20&linkCode=osi&th=1&psc=1">View Product</a></div><div class="product"><a href="https://www.amazon.com/dp/B07T9FYQS8?tag=eloabder-20&linkCode=osi&th=1&psc=1"><img src="https://m.media-amazon.com/images/I/41hpu+H+4BS._SL500_.jpg" alt="Product Image"></a><p>Hanes Boys' X-Temp Boxer Briefs, Moisture Wicking Breathable Underwear, Tagless, Assorted 6 Pack, Medium</p><p>$14.45</p><a href="https://www.amazon.com/dp/B07T9FYQS8?tag=eloabder-20&linkCode=osi&th=1&psc=1">View Product</a></div>
<div class="product"><a href="https://www.amazon.com/dp/B00S4GMSOI?tag=eloabder-20&linkCode=osi&th=1&psc=1"><img src="https://m.media-amazon.com/images/I/31iFPCkYcTL._SL500_.jpg" alt="Product Image"></a><p>Hanes Boys Socks, Double Tough Cushioned Crew 12-pair Packs Athletic-socks, White/Grey Bottom, Large US</p><p>$9.99</p><a href="https://www.amazon.com/dp/B00S4GMSOI?tag=eloabder-20&linkCode=osi&th=1&psc=1">View Product</a></div>



























<div class="product"><a href="https://www.amazon.com/dp/B07VWPNFMD?tag=eloabder-20&linkCode=osi&th=1&psc=1"><img src="https://m.media-amazon.com/images/I/41LJTb0eozL._SL500_.jpg" alt="Product Image"></a><p>Under Armour Youth Training Cotton Crew Socks, Multipairs , Black (6-Pairs) , Small</p><p>$17.99</p><a href="https://www.amazon.com/dp/B07VWPNFMD?tag=eloabder-20&linkCode=osi&th=1&psc=1">View Product</a></div>
<div class="product"><a href="https://www.amazon.com/dp/B00BXFGBAY?tag=eloabder-20&linkCode=osi&th=1&psc=1"><img src="https://m.media-amazon.com/images/I/31u+gpU4SqL._SL500_.jpg" alt="Product Image"></a><p>PHILIP B. Gentle Conditioning Shampoo 32 oz. (947 ml) | Light-weight Hair Moisturizer, Protecting Color, Adds Softness and Shine</p><p>$115.00 ($3.59 / Fl Oz)</p><a href="https://www.amazon.com/dp/B00BXFGBAY?tag=eloabder-20&linkCode=osi&th=1&psc=1">View Product</a></div>


<div class="product"><a href="https://www.amazon.com/dp/B07P9RWTVK?tag=eloabder-20&linkCode=osi&th=1&psc=1"><img src="https://m.media-amazon.com/images/I/51UYs9+XaEL._SL500_.jpg" alt="Product Image"></a><p>Cczmfeas Boys Toddler Dinosaur Cotton Underwear Boxer Briefs 6 Pack (6-8 Years, C- 6 Pack) Navy</p><p>$14.99</p><a href="https://www.amazon.com/dp/B07P9RWTVK?tag=eloabder-20&linkCode=osi&th=1&psc=1">View Product</a></div>





















<div class="product"><a href="https://www.amazon.com/dp/B07JXFXFDN?tag=eloabder-20&linkCode=osi&th=1&psc=1"><img src="https://m.media-amazon.com/images/I/31cedI+SL+L._SL500_.jpg" alt="Product Image"></a><p>Amazon Essentials Boys' Cotton Crew Sports Socks, 10 Pairs, White Stripe, Medium</p><p>$13.30</p><a href="https://www.amazon.com/dp/B07JXFXFDN?tag=eloabder-20&linkCode=osi&th=1&psc=1">View Product</a></div><div class="product"><a href="https://www.amazon.com/dp/B07JL9J6NW?tag=eloabder-20&linkCode=osi&th=1&psc=1"><img src="https://m.media-amazon.com/images/I/31TqyKO3LzL._SL500_.jpg" alt="Product Image"></a><p>Amazon Essentials Unisex Kids' Cotton Crew Socks, 10 Pairs, White/Grey, Large</p><p>$11.40</p><a href="https://www.amazon.com/dp/B07JL9J6NW?tag=eloabder-20&linkCode=osi&th=1&psc=1">View Product</a></div>

















<div class="product"><a href="https://www.amazon.com/dp/B00VTVE4Z6?tag=eloabder-20&linkCode=osi&th=1&psc=1"><img src="https://m.media-amazon.com/images/I/21Gp9b3ASJL._SL500_.jpg" alt="Product Image"></a><p>Fruit Of The Loom Boys Eversoft Cotton Undershirts, T Shirts & Tank Tops Underwear, T Shirt - Boys - 5 Pack - White, X-Large US</p><p>$9.99</p><a href="https://www.amazon.com/dp/B00VTVE4Z6?tag=eloabder-20&linkCode=osi&th=1&psc=1">View Product</a></div>

<div class="product"><a href="https://www.amazon.com/dp/B07T8C2FGP?tag=eloabder-20&linkCode=osi&th=1&psc=1"><img src="https://m.media-amazon.com/images/I/11REPowhbuL._SL500_.jpg" alt="Product Image"></a><p>Hanes Boys' Tank Undershirt, EcoSmart Cotton Shirt, Multiple Packs Available, White, Small</p><p>$9.00</p><a href="https://www.amazon.com/dp/B07T8C2FGP?tag=eloabder-20&linkCode=osi&th=1&psc=1">View Product</a></div><div class="product"><a href="https://www.amazon.com/dp/B07GLLY1B5?tag=eloabder-20&linkCode=osi&th=1&psc=1"><img src="https://m.media-amazon.com/images/I/21jImswBMOL._SL500_.jpg" alt="Product Image"></a><p>Fruit Of The Loom Boys Eversoft Cotton Undershirts, T Shirts & Tank Tops Underwear, Tank - Boys - 10 Pack - White, Small US</p><p>$18.99</p><a href="https://www.amazon.com/dp/B07GLLY1B5?tag=eloabder-20&linkCode=osi&th=1&psc=1">View Product</a></div>

















<div class="product"><a href="https://www.amazon.com/dp/B0CC6T1BXL?tag=eloabder-20&linkCode=osi&th=1&psc=1"><img src="https://m.media-amazon.com/images/I/51QfOhhRTAL._SL500_.jpg" alt="Product Image"></a><p>Hanes Boys' Big Performance Tween Boxer Brief Pack, X-Temp Mesh Underwear, Assorted, 6-Pack, Black/Blue/Green/Grey-6 Pack, X-Large</p><p>$16.13</p><a href="https://www.amazon.com/dp/B0CC6T1BXL?tag=eloabder-20&linkCode=osi&th=1&psc=1">View Product</a></div>
<div class="product"><a href="https://www.amazon.com/dp/B0CC6VPJ9T?tag=eloabder-20&linkCode=osi&th=1&psc=1"><img src="https://m.media-amazon.com/images/I/51QfOhhRTAL._SL500_.jpg" alt="Product Image"></a><p>Hanes Boys' Big Performance Tween Boxer Brief Pack, X-Temp Mesh Underwear, Assorted, Black/Blue/Green/Grey - 6 Pack, Small</p><p>$15.29</p><a href="https://www.amazon.com/dp/B0CC6VPJ9T?tag=eloabder-20&linkCode=osi&th=1&psc=1">View Product</a></div><div class="product"><a href="https://www.amazon.com/dp/B0BHX9MGTV?tag=eloabder-20&linkCode=osi&th=1&psc=1"><img src="https://m.media-amazon.com/images/I/41xmYCCb5TL._SL500_.jpg" alt="Product Image"></a><p>Hanes Men's Boys Boxer Briefs Pack, Cool Comfort Tagless Underwear, 7-Pack, Assorted, Large</p><p>$13.00</p><a href="https://www.amazon.com/dp/B0BHX9MGTV?tag=eloabder-20&linkCode=osi&th=1&psc=1">View Product</a></div><div class="product"><a href="https://www.amazon.com/dp/B071JVXMBW?tag=eloabder-20&linkCode=osi&th=1&psc=1"><img src="https://m.media-amazon.com/images/I/41dDO730qNL._SL500_.jpg" alt="Product Image"></a><p>Hanes Boys' and Toddler Underwear, Comfort Flex and ComfortSoft Boxer Briefs, Multiple Packs Available, Assorted-7 Pack, Large</p><p>$13.00</p><a href="https://www.amazon.com/dp/B071JVXMBW?tag=eloabder-20&linkCode=osi&th=1&psc=1">View Product</a></div>
<div class="product"><a href="https://www.amazon.com/dp/B0BHX978MW?tag=eloabder-20&linkCode=osi&th=1&psc=1"><img src="https://m.media-amazon.com/images/I/41DVOhGuwJL._SL500_.jpg" alt="Product Image"></a><p>Hanes Boys' and Toddler Underwear, Comfort Flex and ComfortSoft Boxer Briefs, Multiple Packs Available, Solids/Prints Assorted-pack of 10, Large</p><p>$18.49</p><a href="https://www.amazon.com/dp/B0BHX978MW?tag=eloabder-20&linkCode=osi&th=1&psc=1">View Product</a></div>
<div class="product"><a href="https://www.amazon.com/dp/B0BHXBJPZ6?tag=eloabder-20&linkCode=osi&th=1&psc=1"><img src="https://m.media-amazon.com/images/I/41xmYCCb5TL._SL500_.jpg" alt="Product Image"></a><p>Hanes Men's Boys Boxer Briefs Pack, Cool Comfort Tagless Underwear, 7-Pack, Assorted, Small</p><p>$13.00</p><a href="https://www.amazon.com/dp/B0BHXBJPZ6?tag=eloabder-20&linkCode=osi&th=1&psc=1">View Product</a></div><div class="product"><a href="https://www.amazon.com/dp/B07T9FYQS8?tag=eloabder-20&linkCode=osi&th=1&psc=1"><img src="https://m.media-amazon.com/images/I/41hpu+H+4BS._SL500_.jpg" alt="Product Image"></a><p>Hanes Boys' X-Temp Boxer Briefs, Moisture Wicking Breathable Underwear, Tagless, Assorted 6 Pack, Medium</p><p>$14.45</p><a href="https://www.amazon.com/dp/B07T9FYQS8?tag=eloabder-20&linkCode=osi&th=1&psc=1">View Product</a></div>
<div class="product"><a href="https://www.amazon.com/dp/B00S4GMSOI?tag=eloabder-20&linkCode=osi&th=1&psc=1"><img src="https://m.media-amazon.com/images/I/31iFPCkYcTL._SL500_.jpg" alt="Product Image"></a><p>Hanes Boys Socks, Double Tough Cushioned Crew 12-pair Packs Athletic-socks, White/Grey Bottom, Large US</p><p>$9.99</p><a href="https://www.amazon.com/dp/B00S4GMSOI?tag=eloabder-20&linkCode=osi&th=1&psc=1">View Product</a></div>



























<div class="product"><a href="https://www.amazon.com/dp/B07VWPNFMD?tag=eloabder-20&linkCode=osi&th=1&psc=1"><img src="https://m.media-amazon.com/images/I/41LJTb0eozL._SL500_.jpg" alt="Product Image"></a><p>Under Armour Youth Training Cotton Crew Socks, Multipairs , Black (6-Pairs) , Small</p><p>$17.99</p><a href="https://www.amazon.com/dp/B07VWPNFMD?tag=eloabder-20&linkCode=osi&th=1&psc=1">View Product</a></div>
<div class="product"><a href="https://www.amazon.com/dp/B00BXFGBAY?tag=eloabder-20&linkCode=osi&th=1&psc=1"><img src="https://m.media-amazon.com/images/I/31u+gpU4SqL._SL500_.jpg" alt="Product Image"></a><p>PHILIP B. Gentle Conditioning Shampoo 32 oz. (947 ml) | Light-weight Hair Moisturizer, Protecting Color, Adds Softness and Shine</p><p>$115.00 ($3.59 / Fl Oz)</p><a href="https://www.amazon.com/dp/B00BXFGBAY?tag=eloabder-20&linkCode=osi&th=1&psc=1">View Product</a></div>


<div class="product"><a href="https://www.amazon.com/dp/B07P9RWTVK?tag=eloabder-20&linkCode=osi&th=1&psc=1"><img src="https://m.media-amazon.com/images/I/51UYs9+XaEL._SL500_.jpg" alt="Product Image"></a><p>Cczmfeas Boys Toddler Dinosaur Cotton Underwear Boxer Briefs 6 Pack (6-8 Years, C- 6 Pack) Navy</p><p>$14.99</p><a href="https://www.amazon.com/dp/B07P9RWTVK?tag=eloabder-20&linkCode=osi&th=1&psc=1">View Product</a></div>





















<div class="product"><a href="https://www.amazon.com/dp/B07JXFXFDN?tag=eloabder-20&linkCode=osi&th=1&psc=1"><img src="https://m.media-amazon.com/images/I/31cedI+SL+L._SL500_.jpg" alt="Product Image"></a><p>Amazon Essentials Boys' Cotton Crew Sports Socks, 10 Pairs, White Stripe, Medium</p><p>$13.30</p><a href="https://www.amazon.com/dp/B07JXFXFDN?tag=eloabder-20&linkCode=osi&th=1&psc=1">View Product</a></div><div class="product"><a href="https://www.amazon.com/dp/B07JL9J6NW?tag=eloabder-20&linkCode=osi&th=1&psc=1"><img src="https://m.media-amazon.com/images/I/31TqyKO3LzL._SL500_.jpg" alt="Product Image"></a><p>Amazon Essentials Unisex Kids' Cotton Crew Socks, 10 Pairs, White/Grey, Large</p><p>$11.40</p><a href="https://www.amazon.com/dp/B07JL9J6NW?tag=eloabder-20&linkCode=osi&th=1&psc=1">View Product</a></div>


















<div class="product"><a href="https://www.amazon.com/dp/B00VTVE4Z6?tag=eloabder-20&linkCode=osi&th=1&psc=1"><img src="https://m.media-amazon.com/images/I/21Gp9b3ASJL._SL500_.jpg" alt="Product Image"></a><p>Fruit Of The Loom Boys Eversoft Cotton Undershirts, T Shirts & Tank Tops Underwear, T Shirt - Boys - 5 Pack - White, X-Large US</p><p>$9.99</p><a href="https://www.amazon.com/dp/B00VTVE4Z6?tag=eloabder-20&linkCode=osi&th=1&psc=1">View Product</a></div>

<div class="product"><a href="https://www.amazon.com/dp/B07T8C2FGP?tag=eloabder-20&linkCode=osi&th=1&psc=1"><img src="https://m.media-amazon.com/images/I/11REPowhbuL._SL500_.jpg" alt="Product Image"></a><p>Hanes Boys' Tank Undershirt, EcoSmart Cotton Shirt, Multiple Packs Available, White, Small</p><p>$9.00</p><a href="https://www.amazon.com/dp/B07T8C2FGP?tag=eloabder-20&linkCode=osi&th=1&psc=1">View Product</a></div><div class="product"><a href="https://www.amazon.com/dp/B07GLLY1B5?tag=eloabder-20&linkCode=osi&th=1&psc=1"><img src="https://m.media-amazon.com/images/I/21jImswBMOL._SL500_.jpg" alt="Product Image"></a><p>Fruit Of The Loom Boys Eversoft Cotton Undershirts, T Shirts & Tank Tops Underwear, Tank - Boys - 10 Pack - White, Small US</p><p>$18.99</p><a href="https://www.amazon.com/dp/B07GLLY1B5?tag=eloabder-20&linkCode=osi&th=1&psc=1">View Product</a></div>

















<div class="product"><a href="https://www.amazon.com/dp/B0CC6T1BXL?tag=eloabder-20&linkCode=osi&th=1&psc=1"><img src="https://m.media-amazon.com/images/I/51QfOhhRTAL._SL500_.jpg" alt="Product Image"></a><p>Hanes Boys' Big Performance Tween Boxer Brief Pack, X-Temp Mesh Underwear, Assorted, 6-Pack, Black/Blue/Green/Grey-6 Pack, X-Large</p><p>$16.13</p><a href="https://www.amazon.com/dp/B0CC6T1BXL?tag=eloabder-20&linkCode=osi&th=1&psc=1">View Product</a></div>
<div class="product"><a href="https://www.amazon.com/dp/B0CC6VPJ9T?tag=eloabder-20&linkCode=osi&th=1&psc=1"><img src="https://m.media-amazon.com/images/I/51QfOhhRTAL._SL500_.jpg" alt="Product Image"></a><p>Hanes Boys' Big Performance Tween Boxer Brief Pack, X-Temp Mesh Underwear, Assorted, Black/Blue/Green/Grey - 6 Pack, Small</p><p>$15.29</p><a href="https://www.amazon.com/dp/B0CC6VPJ9T?tag=eloabder-20&linkCode=osi&th=1&psc=1">View Product</a></div><div class="product"><a href="https://www.amazon.com/dp/B0BHX9MGTV?tag=eloabder-20&linkCode=osi&th=1&psc=1"><img src="https://m.media-amazon.com/images/I/41xmYCCb5TL._SL500_.jpg" alt="Product Image"></a><p>Hanes Men's Boys Boxer Briefs Pack, Cool Comfort Tagless Underwear, 7-Pack, Assorted, Large</p><p>$13.00</p><a href="https://www.amazon.com/dp/B0BHX9MGTV?tag=eloabder-20&linkCode=osi&th=1&psc=1">View Product</a></div><div class="product"><a href="https://www.amazon.com/dp/B071JVXMBW?tag=eloabder-20&linkCode=osi&th=1&psc=1"><img src="https://m.media-amazon.com/images/I/41dDO730qNL._SL500_.jpg" alt="Product Image"></a><p>Hanes Boys' and Toddler Underwear, Comfort Flex and ComfortSoft Boxer Briefs, Multiple Packs Available, Assorted-7 Pack, Large</p><p>$13.00</p><a href="https://www.amazon.com/dp/B071JVXMBW?tag=eloabder-20&linkCode=osi&th=1&psc=1">View Product</a></div>
<div class="product"><a href="https://www.amazon.com/dp/B0BHX978MW?tag=eloabder-20&linkCode=osi&th=1&psc=1"><img src="https://m.media-amazon.com/images/I/41DVOhGuwJL._SL500_.jpg" alt="Product Image"></a><p>Hanes Boys' and Toddler Underwear, Comfort Flex and ComfortSoft Boxer Briefs, Multiple Packs Available, Solids/Prints Assorted-pack of 10, Large</p><p>$18.49</p><a href="https://www.amazon.com/dp/B0BHX978MW?tag=eloabder-20&linkCode=osi&th=1&psc=1">View Product</a></div>
<div class="product"><a href="https://www.amazon.com/dp/B0BHXBJPZ6?tag=eloabder-20&linkCode=osi&th=1&psc=1"><img src="https://m.media-amazon.com/images/I/41xmYCCb5TL._SL500_.jpg" alt="Product Image"></a><p>Hanes Men's Boys Boxer Briefs Pack, Cool Comfort Tagless Underwear, 7-Pack, Assorted, Small</p><p>$13.00</p><a href="https://www.amazon.com/dp/B0BHXBJPZ6?tag=eloabder-20&linkCode=osi&th=1&psc=1">View Product</a></div><div class="product"><a href="https://www.amazon.com/dp/B07T9FYQS8?tag=eloabder-20&linkCode=osi&th=1&psc=1"><img src="https://m.media-amazon.com/images/I/41hpu+H+4BS._SL500_.jpg" alt="Product Image"></a><p>Hanes Boys' X-Temp Boxer Briefs, Moisture Wicking Breathable Underwear, Tagless, Assorted 6 Pack, Medium</p><p>$14.45</p><a href="https://www.amazon.com/dp/B07T9FYQS8?tag=eloabder-20&linkCode=osi&th=1&psc=1">View Product</a></div>
<div class="product"><a href="https://www.amazon.com/dp/B00S4GMSOI?tag=eloabder-20&linkCode=osi&th=1&psc=1"><img src="https://m.media-amazon.com/images/I/31iFPCkYcTL._SL500_.jpg" alt="Product Image"></a><p>Hanes Boys Socks, Double Tough Cushioned Crew 12-pair Packs Athletic-socks, White/Grey Bottom, Large US</p><p>$9.99</p><a href="https://www.amazon.com/dp/B00S4GMSOI?tag=eloabder-20&linkCode=osi&th=1&psc=1">View Product</a></div>



























<div class="product"><a href="https://www.amazon.com/dp/B07VWPNFMD?tag=eloabder-20&linkCode=osi&th=1&psc=1"><img src="https://m.media-amazon.com/images/I/41LJTb0eozL._SL500_.jpg" alt="Product Image"></a><p>Under Armour Youth Training Cotton Crew Socks, Multipairs , Black (6-Pairs) , Small</p><p>$17.99</p><a href="https://www.amazon.com/dp/B07VWPNFMD?tag=eloabder-20&linkCode=osi&th=1&psc=1">View Product</a></div>
<div class="product"><a href="https://www.amazon.com/dp/B00BXFGBAY?tag=eloabder-20&linkCode=osi&th=1&psc=1"><img src="https://m.media-amazon.com/images/I/31u+gpU4SqL._SL500_.jpg" alt="Product Image"></a><p>PHILIP B. Gentle Conditioning Shampoo 32 oz. (947 ml) | Light-weight Hair Moisturizer, Protecting Color, Adds Softness and Shine</p><p>$115.00 ($3.59 / Fl Oz)</p><a href="https://www.amazon.com/dp/B00BXFGBAY?tag=eloabder-20&linkCode=osi&th=1&psc=1">View Product</a></div>


<div class="product"><a href="https://www.amazon.com/dp/B07P9RWTVK?tag=eloabder-20&linkCode=osi&th=1&psc=1"><img src="https://m.media-amazon.com/images/I/51UYs9+XaEL._SL500_.jpg" alt="Product Image"></a><p>Cczmfeas Boys Toddler Dinosaur Cotton Underwear Boxer Briefs 6 Pack (6-8 Years, C- 6 Pack) Navy</p><p>$14.99</p><a href="https://www.amazon.com/dp/B07P9RWTVK?tag=eloabder-20&linkCode=osi&th=1&psc=1">View Product</a></div>





















<div class="product"><a href="https://www.amazon.com/dp/B07JXFXFDN?tag=eloabder-20&linkCode=osi&th=1&psc=1"><img src="https://m.media-amazon.com/images/I/31cedI+SL+L._SL500_.jpg" alt="Product Image"></a><p>Amazon Essentials Boys' Cotton Crew Sports Socks, 10 Pairs, White Stripe, Medium</p><p>$13.30</p><a href="https://www.amazon.com/dp/B07JXFXFDN?tag=eloabder-20&linkCode=osi&th=1&psc=1">View Product</a></div><div class="product"><a href="https://www.amazon.com/dp/B07JL9J6NW?tag=eloabder-20&linkCode=osi&th=1&psc=1"><img src="https://m.media-amazon.com/images/I/31TqyKO3LzL._SL500_.jpg" alt="Product Image"></a><p>Amazon Essentials Unisex Kids' Cotton Crew Socks, 10 Pairs, White/Grey, Large</p><p>$11.40</p><a href="https://www.amazon.com/dp/B07JL9J6NW?tag=eloabder-20&linkCode=osi&th=1&psc=1">View Product</a></div>



















<div class="product"><a href="https://www.amazon.com/dp/B00VTVE4Z6?tag=eloabder-20&linkCode=osi&th=1&psc=1"><img src="https://m.media-amazon.com/images/I/21Gp9b3ASJL._SL500_.jpg" alt="Product Image"></a><p>Fruit Of The Loom Boys Eversoft Cotton Undershirts, T Shirts & Tank Tops Underwear, T Shirt - Boys - 5 Pack - White, X-Large US</p><p>$9.99</p><a href="https://www.amazon.com/dp/B00VTVE4Z6?tag=eloabder-20&linkCode=osi&th=1&psc=1">View Product</a></div>

<div class="product"><a href="https://www.amazon.com/dp/B07T8C2FGP?tag=eloabder-20&linkCode=osi&th=1&psc=1"><img src="https://m.media-amazon.com/images/I/11REPowhbuL._SL500_.jpg" alt="Product Image"></a><p>Hanes Boys' Tank Undershirt, EcoSmart Cotton Shirt, Multiple Packs Available, White, Small</p><p>$9.00</p><a href="https://www.amazon.com/dp/B07T8C2FGP?tag=eloabder-20&linkCode=osi&th=1&psc=1">View Product</a></div><div class="product"><a href="https://www.amazon.com/dp/B07GLLY1B5?tag=eloabder-20&linkCode=osi&th=1&psc=1"><img src="https://m.media-amazon.com/images/I/21jImswBMOL._SL500_.jpg" alt="Product Image"></a><p>Fruit Of The Loom Boys Eversoft Cotton Undershirts, T Shirts & Tank Tops Underwear, Tank - Boys - 10 Pack - White, Small US</p><p>$18.99</p><a href="https://www.amazon.com/dp/B07GLLY1B5?tag=eloabder-20&linkCode=osi&th=1&psc=1">View Product</a></div>

















<div class="product"><a href="https://www.amazon.com/dp/B0CC6T1BXL?tag=eloabder-20&linkCode=osi&th=1&psc=1"><img src="https://m.media-amazon.com/images/I/51QfOhhRTAL._SL500_.jpg" alt="Product Image"></a><p>Hanes Boys' Big Performance Tween Boxer Brief Pack, X-Temp Mesh Underwear, Assorted, 6-Pack, Black/Blue/Green/Grey-6 Pack, X-Large</p><p>$16.13</p><a href="https://www.amazon.com/dp/B0CC6T1BXL?tag=eloabder-20&linkCode=osi&th=1&psc=1">View Product</a></div>
<div class="product"><a href="https://www.amazon.com/dp/B0CC6VPJ9T?tag=eloabder-20&linkCode=osi&th=1&psc=1"><img src="https://m.media-amazon.com/images/I/51QfOhhRTAL._SL500_.jpg" alt="Product Image"></a><p>Hanes Boys' Big Performance Tween Boxer Brief Pack, X-Temp Mesh Underwear, Assorted, Black/Blue/Green/Grey - 6 Pack, Small</p><p>$15.29</p><a href="https://www.amazon.com/dp/B0CC6VPJ9T?tag=eloabder-20&linkCode=osi&th=1&psc=1">View Product</a></div><div class="product"><a href="https://www.amazon.com/dp/B0BHX9MGTV?tag=eloabder-20&linkCode=osi&th=1&psc=1"><img src="https://m.media-amazon.com/images/I/41xmYCCb5TL._SL500_.jpg" alt="Product Image"></a><p>Hanes Men's Boys Boxer Briefs Pack, Cool Comfort Tagless Underwear, 7-Pack, Assorted, Large</p><p>$13.00</p><a href="https://www.amazon.com/dp/B0BHX9MGTV?tag=eloabder-20&linkCode=osi&th=1&psc=1">View Product</a></div><div class="product"><a href="https://www.amazon.com/dp/B071JVXMBW?tag=eloabder-20&linkCode=osi&th=1&psc=1"><img src="https://m.media-amazon.com/images/I/41dDO730qNL._SL500_.jpg" alt="Product Image"></a><p>Hanes Boys' and Toddler Underwear, Comfort Flex and ComfortSoft Boxer Briefs, Multiple Packs Available, Assorted-7 Pack, Large</p><p>$13.00</p><a href="https://www.amazon.com/dp/B071JVXMBW?tag=eloabder-20&linkCode=osi&th=1&psc=1">View Product</a></div>
<div class="product"><a href="https://www.amazon.com/dp/B0BHX978MW?tag=eloabder-20&linkCode=osi&th=1&psc=1"><img src="https://m.media-amazon.com/images/I/41DVOhGuwJL._SL500_.jpg" alt="Product Image"></a><p>Hanes Boys' and Toddler Underwear, Comfort Flex and ComfortSoft Boxer Briefs, Multiple Packs Available, Solids/Prints Assorted-pack of 10, Large</p><p>$18.49</p><a href="https://www.amazon.com/dp/B0BHX978MW?tag=eloabder-20&linkCode=osi&th=1&psc=1">View Product</a></div>
<div class="product"><a href="https://www.amazon.com/dp/B0BHXBJPZ6?tag=eloabder-20&linkCode=osi&th=1&psc=1"><img src="https://m.media-amazon.com/images/I/41xmYCCb5TL._SL500_.jpg" alt="Product Image"></a><p>Hanes Men's Boys Boxer Briefs Pack, Cool Comfort Tagless Underwear, 7-Pack, Assorted, Small</p><p>$13.00</p><a href="https://www.amazon.com/dp/B0BHXBJPZ6?tag=eloabder-20&linkCode=osi&th=1&psc=1">View Product</a></div><div class="product"><a href="https://www.amazon.com/dp/B07T9FYQS8?tag=eloabder-20&linkCode=osi&th=1&psc=1"><img src="https://m.media-amazon.com/images/I/41hpu+H+4BS._SL500_.jpg" alt="Product Image"></a><p>Hanes Boys' X-Temp Boxer Briefs, Moisture Wicking Breathable Underwear, Tagless, Assorted 6 Pack, Medium</p><p>$14.45</p><a href="https://www.amazon.com/dp/B07T9FYQS8?tag=eloabder-20&linkCode=osi&th=1&psc=1">View Product</a></div>
<div class="product"><a href="https://www.amazon.com/dp/B00S4GMSOI?tag=eloabder-20&linkCode=osi&th=1&psc=1"><img src="https://m.media-amazon.com/images/I/31iFPCkYcTL._SL500_.jpg" alt="Product Image"></a><p>Hanes Boys Socks, Double Tough Cushioned Crew 12-pair Packs Athletic-socks, White/Grey Bottom, Large US</p><p>$9.99</p><a href="https://www.amazon.com/dp/B00S4GMSOI?tag=eloabder-20&linkCode=osi&th=1&psc=1">View Product</a></div>



























<div class="product"><a href="https://www.amazon.com/dp/B07VWPNFMD?tag=eloabder-20&linkCode=osi&th=1&psc=1"><img src="https://m.media-amazon.com/images/I/41LJTb0eozL._SL500_.jpg" alt="Product Image"></a><p>Under Armour Youth Training Cotton Crew Socks, Multipairs , Black (6-Pairs) , Small</p><p>$17.99</p><a href="https://www.amazon.com/dp/B07VWPNFMD?tag=eloabder-20&linkCode=osi&th=1&psc=1">View Product</a></div>
<div class="product"><a href="https://www.amazon.com/dp/B00BXFGBAY?tag=eloabder-20&linkCode=osi&th=1&psc=1"><img src="https://m.media-amazon.com/images/I/31u+gpU4SqL._SL500_.jpg" alt="Product Image"></a><p>PHILIP B. Gentle Conditioning Shampoo 32 oz. (947 ml) | Light-weight Hair Moisturizer, Protecting Color, Adds Softness and Shine</p><p>$115.00 ($3.59 / Fl Oz)</p><a href="https://www.amazon.com/dp/B00BXFGBAY?tag=eloabder-20&linkCode=osi&th=1&psc=1">View Product</a></div>


<div class="product"><a href="https://www.amazon.com/dp/B07P9RWTVK?tag=eloabder-20&linkCode=osi&th=1&psc=1"><img src="https://m.media-amazon.com/images/I/51UYs9+XaEL._SL500_.jpg" alt="Product Image"></a><p>Cczmfeas Boys Toddler Dinosaur Cotton Underwear Boxer Briefs 6 Pack (6-8 Years, C- 6 Pack) Navy</p><p>$14.99</p><a href="https://www.amazon.com/dp/B07P9RWTVK?tag=eloabder-20&linkCode=osi&th=1&psc=1">View Product</a></div>





















<div class="product"><a href="https://www.amazon.com/dp/B07JXFXFDN?tag=eloabder-20&linkCode=osi&th=1&psc=1"><img src="https://m.media-amazon.com/images/I/31cedI+SL+L._SL500_.jpg" alt="Product Image"></a><p>Amazon Essentials Boys' Cotton Crew Sports Socks, 10 Pairs, White Stripe, Medium</p><p>$13.30</p><a href="https://www.amazon.com/dp/B07JXFXFDN?tag=eloabder-20&linkCode=osi&th=1&psc=1">View Product</a></div><div class="product"><a href="https://www.amazon.com/dp/B07JL9J6NW?tag=eloabder-20&linkCode=osi&th=1&psc=1"><img src="https://m.media-amazon.com/images/I/31TqyKO3LzL._SL500_.jpg" alt="Product Image"></a><p>Amazon Essentials Unisex Kids' Cotton Crew Socks, 10 Pairs, White/Grey, Large</p><p>$11.40</p><a href="https://www.amazon.com/dp/B07JL9J6NW?tag=eloabder-20&linkCode=osi&th=1&psc=1">View Product</a></div>




















<div class="product"><a href="https://www.amazon.com/dp/B00VTVE4Z6?tag=eloabder-20&linkCode=osi&th=1&psc=1"><img src="https://m.media-amazon.com/images/I/21Gp9b3ASJL._SL500_.jpg" alt="Product Image"></a><p>Fruit Of The Loom Boys Eversoft Cotton Undershirts, T Shirts & Tank Tops Underwear, T Shirt - Boys - 5 Pack - White, X-Large US</p><p>$9.99</p><a href="https://www.amazon.com/dp/B00VTVE4Z6?tag=eloabder-20&linkCode=osi&th=1&psc=1">View Product</a></div>

<div class="product"><a href="https://www.amazon.com/dp/B07T8C2FGP?tag=eloabder-20&linkCode=osi&th=1&psc=1"><img src="https://m.media-amazon.com/images/I/11REPowhbuL._SL500_.jpg" alt="Product Image"></a><p>Hanes Boys' Tank Undershirt, EcoSmart Cotton Shirt, Multiple Packs Available, White, Small</p><p>$9.00</p><a href="https://www.amazon.com/dp/B07T8C2FGP?tag=eloabder-20&linkCode=osi&th=1&psc=1">View Product</a></div><div class="product"><a href="https://www.amazon.com/dp/B07GLLY1B5?tag=eloabder-20&linkCode=osi&th=1&psc=1"><img src="https://m.media-amazon.com/images/I/21jImswBMOL._SL500_.jpg" alt="Product Image"></a><p>Fruit Of The Loom Boys Eversoft Cotton Undershirts, T Shirts & Tank Tops Underwear, Tank - Boys - 10 Pack - White, Small US</p><p>$18.99</p><a href="https://www.amazon.com/dp/B07GLLY1B5?tag=eloabder-20&linkCode=osi&th=1&psc=1">View Product</a></div>

















<div class="product"><a href="https://www.amazon.com/dp/B0CC6T1BXL?tag=eloabder-20&linkCode=osi&th=1&psc=1"><img src="https://m.media-amazon.com/images/I/51QfOhhRTAL._SL500_.jpg" alt="Product Image"></a><p>Hanes Boys' Big Performance Tween Boxer Brief Pack, X-Temp Mesh Underwear, Assorted, 6-Pack, Black/Blue/Green/Grey-6 Pack, X-Large</p><p>$16.13</p><a href="https://www.amazon.com/dp/B0CC6T1BXL?tag=eloabder-20&linkCode=osi&th=1&psc=1">View Product</a></div>
<div class="product"><a href="https://www.amazon.com/dp/B0CC6VPJ9T?tag=eloabder-20&linkCode=osi&th=1&psc=1"><img src="https://m.media-amazon.com/images/I/51QfOhhRTAL._SL500_.jpg" alt="Product Image"></a><p>Hanes Boys' Big Performance Tween Boxer Brief Pack, X-Temp Mesh Underwear, Assorted, Black/Blue/Green/Grey - 6 Pack, Small</p><p>$15.29</p><a href="https://www.amazon.com/dp/B0CC6VPJ9T?tag=eloabder-20&linkCode=osi&th=1&psc=1">View Product</a></div><div class="product"><a href="https://www.amazon.com/dp/B0BHX9MGTV?tag=eloabder-20&linkCode=osi&th=1&psc=1"><img src="https://m.media-amazon.com/images/I/41xmYCCb5TL._SL500_.jpg" alt="Product Image"></a><p>Hanes Men's Boys Boxer Briefs Pack, Cool Comfort Tagless Underwear, 7-Pack, Assorted, Large</p><p>$13.00</p><a href="https://www.amazon.com/dp/B0BHX9MGTV?tag=eloabder-20&linkCode=osi&th=1&psc=1">View Product</a></div><div class="product"><a href="https://www.amazon.com/dp/B071JVXMBW?tag=eloabder-20&linkCode=osi&th=1&psc=1"><img src="https://m.media-amazon.com/images/I/41dDO730qNL._SL500_.jpg" alt="Product Image"></a><p>Hanes Boys' and Toddler Underwear, Comfort Flex and ComfortSoft Boxer Briefs, Multiple Packs Available, Assorted-7 Pack, Large</p><p>$13.00</p><a href="https://www.amazon.com/dp/B071JVXMBW?tag=eloabder-20&linkCode=osi&th=1&psc=1">View Product</a></div>
<div class="product"><a href="https://www.amazon.com/dp/B0BHX978MW?tag=eloabder-20&linkCode=osi&th=1&psc=1"><img src="https://m.media-amazon.com/images/I/41DVOhGuwJL._SL500_.jpg" alt="Product Image"></a><p>Hanes Boys' and Toddler Underwear, Comfort Flex and ComfortSoft Boxer Briefs, Multiple Packs Available, Solids/Prints Assorted-pack of 10, Large</p><p>$18.49</p><a href="https://www.amazon.com/dp/B0BHX978MW?tag=eloabder-20&linkCode=osi&th=1&psc=1">View Product</a></div>
<div class="product"><a href="https://www.amazon.com/dp/B0BHXBJPZ6?tag=eloabder-20&linkCode=osi&th=1&psc=1"><img src="https://m.media-amazon.com/images/I/41xmYCCb5TL._SL500_.jpg" alt="Product Image"></a><p>Hanes Men's Boys Boxer Briefs Pack, Cool Comfort Tagless Underwear, 7-Pack, Assorted, Small</p><p>$13.00</p><a href="https://www.amazon.com/dp/B0BHXBJPZ6?tag=eloabder-20&linkCode=osi&th=1&psc=1">View Product</a></div><div class="product"><a href="https://www.amazon.com/dp/B07T9FYQS8?tag=eloabder-20&linkCode=osi&th=1&psc=1"><img src="https://m.media-amazon.com/images/I/41hpu+H+4BS._SL500_.jpg" alt="Product Image"></a><p>Hanes Boys' X-Temp Boxer Briefs, Moisture Wicking Breathable Underwear, Tagless, Assorted 6 Pack, Medium</p><p>$14.45</p><a href="https://www.amazon.com/dp/B07T9FYQS8?tag=eloabder-20&linkCode=osi&th=1&psc=1">View Product</a></div>
<div class="product"><a href="https://www.amazon.com/dp/B00S4GMSOI?tag=eloabder-20&linkCode=osi&th=1&psc=1"><img src="https://m.media-amazon.com/images/I/31iFPCkYcTL._SL500_.jpg" alt="Product Image"></a><p>Hanes Boys Socks, Double Tough Cushioned Crew 12-pair Packs Athletic-socks, White/Grey Bottom, Large US</p><p>$9.99</p><a href="https://www.amazon.com/dp/B00S4GMSOI?tag=eloabder-20&linkCode=osi&th=1&psc=1">View Product</a></div>



























<div class="product"><a href="https://www.amazon.com/dp/B07VWPNFMD?tag=eloabder-20&linkCode=osi&th=1&psc=1"><img src="https://m.media-amazon.com/images/I/41LJTb0eozL._SL500_.jpg" alt="Product Image"></a><p>Under Armour Youth Training Cotton Crew Socks, Multipairs , Black (6-Pairs) , Small</p><p>$17.99</p><a href="https://www.amazon.com/dp/B07VWPNFMD?tag=eloabder-20&linkCode=osi&th=1&psc=1">View Product</a></div>
<div class="product"><a href="https://www.amazon.com/dp/B00BXFGBAY?tag=eloabder-20&linkCode=osi&th=1&psc=1"><img src="https://m.media-amazon.com/images/I/31u+gpU4SqL._SL500_.jpg" alt="Product Image"></a><p>PHILIP B. Gentle Conditioning Shampoo 32 oz. (947 ml) | Light-weight Hair Moisturizer, Protecting Color, Adds Softness and Shine</p><p>$115.00 ($3.59 / Fl Oz)</p><a href="https://www.amazon.com/dp/B00BXFGBAY?tag=eloabder-20&linkCode=osi&th=1&psc=1">View Product</a></div>


<div class="product"><a href="https://www.amazon.com/dp/B07P9RWTVK?tag=eloabder-20&linkCode=osi&th=1&psc=1"><img src="https://m.media-amazon.com/images/I/51UYs9+XaEL._SL500_.jpg" alt="Product Image"></a><p>Cczmfeas Boys Toddler Dinosaur Cotton Underwear Boxer Briefs 6 Pack (6-8 Years, C- 6 Pack) Navy</p><p>$14.99</p><a href="https://www.amazon.com/dp/B07P9RWTVK?tag=eloabder-20&linkCode=osi&th=1&psc=1">View Product</a></div>





















<div class="product"><a href="https://www.amazon.com/dp/B07JXFXFDN?tag=eloabder-20&linkCode=osi&th=1&psc=1"><img src="https://m.media-amazon.com/images/I/31cedI+SL+L._SL500_.jpg" alt="Product Image"></a><p>Amazon Essentials Boys' Cotton Crew Sports Socks, 10 Pairs, White Stripe, Medium</p><p>$13.30</p><a href="https://www.amazon.com/dp/B07JXFXFDN?tag=eloabder-20&linkCode=osi&th=1&psc=1">View Product</a></div><div class="product"><a href="https://www.amazon.com/dp/B07JL9J6NW?tag=eloabder-20&linkCode=osi&th=1&psc=1"><img src="https://m.media-amazon.com/images/I/31TqyKO3LzL._SL500_.jpg" alt="Product Image"></a><p>Amazon Essentials Unisex Kids' Cotton Crew Socks, 10 Pairs, White/Grey, Large</p><p>$11.40</p><a href="https://www.amazon.com/dp/B07JL9J6NW?tag=eloabder-20&linkCode=osi&th=1&psc=1">View Product</a></div>





















<div class="product"><a href="https://www.amazon.com/dp/B00VTVE4Z6?tag=eloabder-20&linkCode=osi&th=1&psc=1"><img src="https://m.media-amazon.com/images/I/21Gp9b3ASJL._SL500_.jpg" alt="Product Image"></a><p>Fruit Of The Loom Boys Eversoft Cotton Undershirts, T Shirts & Tank Tops Underwear, T Shirt - Boys - 5 Pack - White, X-Large US</p><p>$9.99</p><a href="https://www.amazon.com/dp/B00VTVE4Z6?tag=eloabder-20&linkCode=osi&th=1&psc=1">View Product</a></div>

<div class="product"><a href="https://www.amazon.com/dp/B07T8C2FGP?tag=eloabder-20&linkCode=osi&th=1&psc=1"><img src="https://m.media-amazon.com/images/I/11REPowhbuL._SL500_.jpg" alt="Product Image"></a><p>Hanes Boys' Tank Undershirt, EcoSmart Cotton Shirt, Multiple Packs Available, White, Small</p><p>$9.00</p><a href="https://www.amazon.com/dp/B07T8C2FGP?tag=eloabder-20&linkCode=osi&th=1&psc=1">View Product</a></div><div class="product"><a href="https://www.amazon.com/dp/B07GLLY1B5?tag=eloabder-20&linkCode=osi&th=1&psc=1"><img src="https://m.media-amazon.com/images/I/21jImswBMOL._SL500_.jpg" alt="Product Image"></a><p>Fruit Of The Loom Boys Eversoft Cotton Undershirts, T Shirts & Tank Tops Underwear, Tank - Boys - 10 Pack - White, Small US</p><p>$18.99</p><a href="https://www.amazon.com/dp/B07GLLY1B5?tag=eloabder-20&linkCode=osi&th=1&psc=1">View Product</a></div>

















<div class="product"><a href="https://www.amazon.com/dp/B0CC6T1BXL?tag=eloabder-20&linkCode=osi&th=1&psc=1"><img src="https://m.media-amazon.com/images/I/51QfOhhRTAL._SL500_.jpg" alt="Product Image"></a><p>Hanes Boys' Big Performance Tween Boxer Brief Pack, X-Temp Mesh Underwear, Assorted, 6-Pack, Black/Blue/Green/Grey-6 Pack, X-Large</p><p>$16.13</p><a href="https://www.amazon.com/dp/B0CC6T1BXL?tag=eloabder-20&linkCode=osi&th=1&psc=1">View Product</a></div>
<div class="product"><a href="https://www.amazon.com/dp/B0CC6VPJ9T?tag=eloabder-20&linkCode=osi&th=1&psc=1"><img src="https://m.media-amazon.com/images/I/51QfOhhRTAL._SL500_.jpg" alt="Product Image"></a><p>Hanes Boys' Big Performance Tween Boxer Brief Pack, X-Temp Mesh Underwear, Assorted, Black/Blue/Green/Grey - 6 Pack, Small</p><p>$15.29</p><a href="https://www.amazon.com/dp/B0CC6VPJ9T?tag=eloabder-20&linkCode=osi&th=1&psc=1">View Product</a></div><div class="product"><a href="https://www.amazon.com/dp/B0BHX9MGTV?tag=eloabder-20&linkCode=osi&th=1&psc=1"><img src="https://m.media-amazon.com/images/I/41xmYCCb5TL._SL500_.jpg" alt="Product Image"></a><p>Hanes Men's Boys Boxer Briefs Pack, Cool Comfort Tagless Underwear, 7-Pack, Assorted, Large</p><p>$13.00</p><a href="https://www.amazon.com/dp/B0BHX9MGTV?tag=eloabder-20&linkCode=osi&th=1&psc=1">View Product</a></div><div class="product"><a href="https://www.amazon.com/dp/B071JVXMBW?tag=eloabder-20&linkCode=osi&th=1&psc=1"><img src="https://m.media-amazon.com/images/I/41dDO730qNL._SL500_.jpg" alt="Product Image"></a><p>Hanes Boys' and Toddler Underwear, Comfort Flex and ComfortSoft Boxer Briefs, Multiple Packs Available, Assorted-7 Pack, Large</p><p>$13.00</p><a href="https://www.amazon.com/dp/B071JVXMBW?tag=eloabder-20&linkCode=osi&th=1&psc=1">View Product</a></div>
<div class="product"><a href="https://www.amazon.com/dp/B0BHX978MW?tag=eloabder-20&linkCode=osi&th=1&psc=1"><img src="https://m.media-amazon.com/images/I/41DVOhGuwJL._SL500_.jpg" alt="Product Image"></a><p>Hanes Boys' and Toddler Underwear, Comfort Flex and ComfortSoft Boxer Briefs, Multiple Packs Available, Solids/Prints Assorted-pack of 10, Large</p><p>$18.49</p><a href="https://www.amazon.com/dp/B0BHX978MW?tag=eloabder-20&linkCode=osi&th=1&psc=1">View Product</a></div>
<div class="product"><a href="https://www.amazon.com/dp/B0BHXBJPZ6?tag=eloabder-20&linkCode=osi&th=1&psc=1"><img src="https://m.media-amazon.com/images/I/41xmYCCb5TL._SL500_.jpg" alt="Product Image"></a><p>Hanes Men's Boys Boxer Briefs Pack, Cool Comfort Tagless Underwear, 7-Pack, Assorted, Small</p><p>$13.00</p><a href="https://www.amazon.com/dp/B0BHXBJPZ6?tag=eloabder-20&linkCode=osi&th=1&psc=1">View Product</a></div><div class="product"><a href="https://www.amazon.com/dp/B07T9FYQS8?tag=eloabder-20&linkCode=osi&th=1&psc=1"><img src="https://m.media-amazon.com/images/I/41hpu+H+4BS._SL500_.jpg" alt="Product Image"></a><p>Hanes Boys' X-Temp Boxer Briefs, Moisture Wicking Breathable Underwear, Tagless, Assorted 6 Pack, Medium</p><p>$14.45</p><a href="https://www.amazon.com/dp/B07T9FYQS8?tag=eloabder-20&linkCode=osi&th=1&psc=1">View Product</a></div>
<div class="product"><a href="https://www.amazon.com/dp/B00S4GMSOI?tag=eloabder-20&linkCode=osi&th=1&psc=1"><img src="https://m.media-amazon.com/images/I/31iFPCkYcTL._SL500_.jpg" alt="Product Image"></a><p>Hanes Boys Socks, Double Tough Cushioned Crew 12-pair Packs Athletic-socks, White/Grey Bottom, Large US</p><p>$9.99</p><a href="https://www.amazon.com/dp/B00S4GMSOI?tag=eloabder-20&linkCode=osi&th=1&psc=1">View Product</a></div>



























<div class="product"><a href="https://www.amazon.com/dp/B07VWPNFMD?tag=eloabder-20&linkCode=osi&th=1&psc=1"><img src="https://m.media-amazon.com/images/I/41LJTb0eozL._SL500_.jpg" alt="Product Image"></a><p>Under Armour Youth Training Cotton Crew Socks, Multipairs , Black (6-Pairs) , Small</p><p>$17.99</p><a href="https://www.amazon.com/dp/B07VWPNFMD?tag=eloabder-20&linkCode=osi&th=1&psc=1">View Product</a></div>
<div class="product"><a href="https://www.amazon.com/dp/B00BXFGBAY?tag=eloabder-20&linkCode=osi&th=1&psc=1"><img src="https://m.media-amazon.com/images/I/31u+gpU4SqL._SL500_.jpg" alt="Product Image"></a><p>PHILIP B. Gentle Conditioning Shampoo 32 oz. (947 ml) | Light-weight Hair Moisturizer, Protecting Color, Adds Softness and Shine</p><p>$115.00 ($3.59 / Fl Oz)</p><a href="https://www.amazon.com/dp/B00BXFGBAY?tag=eloabder-20&linkCode=osi&th=1&psc=1">View Product</a></div>


<div class="product"><a href="https://www.amazon.com/dp/B07P9RWTVK?tag=eloabder-20&linkCode=osi&th=1&psc=1"><img src="https://m.media-amazon.com/images/I/51UYs9+XaEL._SL500_.jpg" alt="Product Image"></a><p>Cczmfeas Boys Toddler Dinosaur Cotton Underwear Boxer Briefs 6 Pack (6-8 Years, C- 6 Pack) Navy</p><p>$14.99</p><a href="https://www.amazon.com/dp/B07P9RWTVK?tag=eloabder-20&linkCode=osi&th=1&psc=1">View Product</a></div>





















<div class="product"><a href="https://www.amazon.com/dp/B07JXFXFDN?tag=eloabder-20&linkCode=osi&th=1&psc=1"><img src="https://m.media-amazon.com/images/I/31cedI+SL+L._SL500_.jpg" alt="Product Image"></a><p>Amazon Essentials Boys' Cotton Crew Sports Socks, 10 Pairs, White Stripe, Medium</p><p>$13.30</p><a href="https://www.amazon.com/dp/B07JXFXFDN?tag=eloabder-20&linkCode=osi&th=1&psc=1">View Product</a></div><div class="product"><a href="https://www.amazon.com/dp/B07JL9J6NW?tag=eloabder-20&linkCode=osi&th=1&psc=1"><img src="https://m.media-amazon.com/images/I/31TqyKO3LzL._SL500_.jpg" alt="Product Image"></a><p>Amazon Essentials Unisex Kids' Cotton Crew Socks, 10 Pairs, White/Grey, Large</p><p>$11.40</p><a href="https://www.amazon.com/dp/B07JL9J6NW?tag=eloabder-20&linkCode=osi&th=1&psc=1">View Product</a></div>






















<div class="product"><a href="https://www.amazon.com/dp/B00VTVE4Z6?tag=eloabder-20&linkCode=osi&th=1&psc=1"><img src="https://m.media-amazon.com/images/I/21Gp9b3ASJL._SL500_.jpg" alt="Product Image"></a><p>Fruit Of The Loom Boys Eversoft Cotton Undershirts, T Shirts & Tank Tops Underwear, T Shirt - Boys - 5 Pack - White, X-Large US</p><p>$9.99</p><a href="https://www.amazon.com/dp/B00VTVE4Z6?tag=eloabder-20&linkCode=osi&th=1&psc=1">View Product</a></div>

<div class="product"><a href="https://www.amazon.com/dp/B07T8C2FGP?tag=eloabder-20&linkCode=osi&th=1&psc=1"><img src="https://m.media-amazon.com/images/I/11REPowhbuL._SL500_.jpg" alt="Product Image"></a><p>Hanes Boys' Tank Undershirt, EcoSmart Cotton Shirt, Multiple Packs Available, White, Small</p><p>$9.00</p><a href="https://www.amazon.com/dp/B07T8C2FGP?tag=eloabder-20&linkCode=osi&th=1&psc=1">View Product</a></div><div class="product"><a href="https://www.amazon.com/dp/B07GLLY1B5?tag=eloabder-20&linkCode=osi&th=1&psc=1"><img src="https://m.media-amazon.com/images/I/21jImswBMOL._SL500_.jpg" alt="Product Image"></a><p>Fruit Of The Loom Boys Eversoft Cotton Undershirts, T Shirts & Tank Tops Underwear, Tank - Boys - 10 Pack - White, Small US</p><p>$18.99</p><a href="https://www.amazon.com/dp/B07GLLY1B5?tag=eloabder-20&linkCode=osi&th=1&psc=1">View Product</a></div>

















<div class="product"><a href="https://www.amazon.com/dp/B0CC6T1BXL?tag=eloabder-20&linkCode=osi&th=1&psc=1"><img src="https://m.media-amazon.com/images/I/51QfOhhRTAL._SL500_.jpg" alt="Product Image"></a><p>Hanes Boys' Big Performance Tween Boxer Brief Pack, X-Temp Mesh Underwear, Assorted, 6-Pack, Black/Blue/Green/Grey-6 Pack, X-Large</p><p>$16.13</p><a href="https://www.amazon.com/dp/B0CC6T1BXL?tag=eloabder-20&linkCode=osi&th=1&psc=1">View Product</a></div>
<div class="product"><a href="https://www.amazon.com/dp/B0CC6VPJ9T?tag=eloabder-20&linkCode=osi&th=1&psc=1"><img src="https://m.media-amazon.com/images/I/51QfOhhRTAL._SL500_.jpg" alt="Product Image"></a><p>Hanes Boys' Big Performance Tween Boxer Brief Pack, X-Temp Mesh Underwear, Assorted, Black/Blue/Green/Grey - 6 Pack, Small</p><p>$15.29</p><a href="https://www.amazon.com/dp/B0CC6VPJ9T?tag=eloabder-20&linkCode=osi&th=1&psc=1">View Product</a></div><div class="product"><a href="https://www.amazon.com/dp/B0BHX9MGTV?tag=eloabder-20&linkCode=osi&th=1&psc=1"><img src="https://m.media-amazon.com/images/I/41xmYCCb5TL._SL500_.jpg" alt="Product Image"></a><p>Hanes Men's Boys Boxer Briefs Pack, Cool Comfort Tagless Underwear, 7-Pack, Assorted, Large</p><p>$13.00</p><a href="https://www.amazon.com/dp/B0BHX9MGTV?tag=eloabder-20&linkCode=osi&th=1&psc=1">View Product</a></div><div class="product"><a href="https://www.amazon.com/dp/B071JVXMBW?tag=eloabder-20&linkCode=osi&th=1&psc=1"><img src="https://m.media-amazon.com/images/I/41dDO730qNL._SL500_.jpg" alt="Product Image"></a><p>Hanes Boys' and Toddler Underwear, Comfort Flex and ComfortSoft Boxer Briefs, Multiple Packs Available, Assorted-7 Pack, Large</p><p>$13.00</p><a href="https://www.amazon.com/dp/B071JVXMBW?tag=eloabder-20&linkCode=osi&th=1&psc=1">View Product</a></div>
<div class="product"><a href="https://www.amazon.com/dp/B0BHX978MW?tag=eloabder-20&linkCode=osi&th=1&psc=1"><img src="https://m.media-amazon.com/images/I/41DVOhGuwJL._SL500_.jpg" alt="Product Image"></a><p>Hanes Boys' and Toddler Underwear, Comfort Flex and ComfortSoft Boxer Briefs, Multiple Packs Available, Solids/Prints Assorted-pack of 10, Large</p><p>$18.49</p><a href="https://www.amazon.com/dp/B0BHX978MW?tag=eloabder-20&linkCode=osi&th=1&psc=1">View Product</a></div>
<div class="product"><a href="https://www.amazon.com/dp/B0BHXBJPZ6?tag=eloabder-20&linkCode=osi&th=1&psc=1"><img src="https://m.media-amazon.com/images/I/41xmYCCb5TL._SL500_.jpg" alt="Product Image"></a><p>Hanes Men's Boys Boxer Briefs Pack, Cool Comfort Tagless Underwear, 7-Pack, Assorted, Small</p><p>$13.00</p><a href="https://www.amazon.com/dp/B0BHXBJPZ6?tag=eloabder-20&linkCode=osi&th=1&psc=1">View Product</a></div><div class="product"><a href="https://www.amazon.com/dp/B07T9FYQS8?tag=eloabder-20&linkCode=osi&th=1&psc=1"><img src="https://m.media-amazon.com/images/I/41hpu+H+4BS._SL500_.jpg" alt="Product Image"></a><p>Hanes Boys' X-Temp Boxer Briefs, Moisture Wicking Breathable Underwear, Tagless, Assorted 6 Pack, Medium</p><p>$14.45</p><a href="https://www.amazon.com/dp/B07T9FYQS8?tag=eloabder-20&linkCode=osi&th=1&psc=1">View Product</a></div>
<div class="product"><a href="https://www.amazon.com/dp/B00S4GMSOI?tag=eloabder-20&linkCode=osi&th=1&psc=1"><img src="https://m.media-amazon.com/images/I/31iFPCkYcTL._SL500_.jpg" alt="Product Image"></a><p>Hanes Boys Socks, Double Tough Cushioned Crew 12-pair Packs Athletic-socks, White/Grey Bottom, Large US</p><p>$9.99</p><a href="https://www.amazon.com/dp/B00S4GMSOI?tag=eloabder-20&linkCode=osi&th=1&psc=1">View Product</a></div>



























<div class="product"><a href="https://www.amazon.com/dp/B07VWPNFMD?tag=eloabder-20&linkCode=osi&th=1&psc=1"><img src="https://m.media-amazon.com/images/I/41LJTb0eozL._SL500_.jpg" alt="Product Image"></a><p>Under Armour Youth Training Cotton Crew Socks, Multipairs , Black (6-Pairs) , Small</p><p>$17.99</p><a href="https://www.amazon.com/dp/B07VWPNFMD?tag=eloabder-20&linkCode=osi&th=1&psc=1">View Product</a></div>
<div class="product"><a href="https://www.amazon.com/dp/B00BXFGBAY?tag=eloabder-20&linkCode=osi&th=1&psc=1"><img src="https://m.media-amazon.com/images/I/31u+gpU4SqL._SL500_.jpg" alt="Product Image"></a><p>PHILIP B. Gentle Conditioning Shampoo 32 oz. (947 ml) | Light-weight Hair Moisturizer, Protecting Color, Adds Softness and Shine</p><p>$115.00 ($3.59 / Fl Oz)</p><a href="https://www.amazon.com/dp/B00BXFGBAY?tag=eloabder-20&linkCode=osi&th=1&psc=1">View Product</a></div>


<div class="product"><a href="https://www.amazon.com/dp/B07P9RWTVK?tag=eloabder-20&linkCode=osi&th=1&psc=1"><img src="https://m.media-amazon.com/images/I/51UYs9+XaEL._SL500_.jpg" alt="Product Image"></a><p>Cczmfeas Boys Toddler Dinosaur Cotton Underwear Boxer Briefs 6 Pack (6-8 Years, C- 6 Pack) Navy</p><p>$14.99</p><a href="https://www.amazon.com/dp/B07P9RWTVK?tag=eloabder-20&linkCode=osi&th=1&psc=1">View Product</a></div>





















<div class="product"><a href="https://www.amazon.com/dp/B07JXFXFDN?tag=eloabder-20&linkCode=osi&th=1&psc=1"><img src="https://m.media-amazon.com/images/I/31cedI+SL+L._SL500_.jpg" alt="Product Image"></a><p>Amazon Essentials Boys' Cotton Crew Sports Socks, 10 Pairs, White Stripe, Medium</p><p>$13.30</p><a href="https://www.amazon.com/dp/B07JXFXFDN?tag=eloabder-20&linkCode=osi&th=1&psc=1">View Product</a></div><div class="product"><a href="https://www.amazon.com/dp/B07JL9J6NW?tag=eloabder-20&linkCode=osi&th=1&psc=1"><img src="https://m.media-amazon.com/images/I/31TqyKO3LzL._SL500_.jpg" alt="Product Image"></a><p>Amazon Essentials Unisex Kids' Cotton Crew Socks, 10 Pairs, White/Grey, Large</p><p>$11.40</p><a href="https://www.amazon.com/dp/B07JL9J6NW?tag=eloabder-20&linkCode=osi&th=1&psc=1">View Product</a></div>























<div class="product"><a href="https://www.amazon.com/dp/B00VTVE4Z6?tag=eloabder-20&linkCode=osi&th=1&psc=1"><img src="https://m.media-amazon.com/images/I/21Gp9b3ASJL._SL500_.jpg" alt="Product Image"></a><p>Fruit Of The Loom Boys Eversoft Cotton Undershirts, T Shirts & Tank Tops Underwear, T Shirt - Boys - 5 Pack - White, X-Large US</p><p>$9.99</p><a href="https://www.amazon.com/dp/B00VTVE4Z6?tag=eloabder-20&linkCode=osi&th=1&psc=1">View Product</a></div>

<div class="product"><a href="https://www.amazon.com/dp/B07T8C2FGP?tag=eloabder-20&linkCode=osi&th=1&psc=1"><img src="https://m.media-amazon.com/images/I/11REPowhbuL._SL500_.jpg" alt="Product Image"></a><p>Hanes Boys' Tank Undershirt, EcoSmart Cotton Shirt, Multiple Packs Available, White, Small</p><p>$9.00</p><a href="https://www.amazon.com/dp/B07T8C2FGP?tag=eloabder-20&linkCode=osi&th=1&psc=1">View Product</a></div><div class="product"><a href="https://www.amazon.com/dp/B07GLLY1B5?tag=eloabder-20&linkCode=osi&th=1&psc=1"><img src="https://m.media-amazon.com/images/I/21jImswBMOL._SL500_.jpg" alt="Product Image"></a><p>Fruit Of The Loom Boys Eversoft Cotton Undershirts, T Shirts & Tank Tops Underwear, Tank - Boys - 10 Pack - White, Small US</p><p>$18.99</p><a href="https://www.amazon.com/dp/B07GLLY1B5?tag=eloabder-20&linkCode=osi&th=1&psc=1">View Product</a></div>

















<div class="product"><a href="https://www.amazon.com/dp/B0CC6T1BXL?tag=eloabder-20&linkCode=osi&th=1&psc=1"><img src="https://m.media-amazon.com/images/I/51QfOhhRTAL._SL500_.jpg" alt="Product Image"></a><p>Hanes Boys' Big Performance Tween Boxer Brief Pack, X-Temp Mesh Underwear, Assorted, 6-Pack, Black/Blue/Green/Grey-6 Pack, X-Large</p><p>$16.13</p><a href="https://www.amazon.com/dp/B0CC6T1BXL?tag=eloabder-20&linkCode=osi&th=1&psc=1">View Product</a></div>
<div class="product"><a href="https://www.amazon.com/dp/B0CC6VPJ9T?tag=eloabder-20&linkCode=osi&th=1&psc=1"><img src="https://m.media-amazon.com/images/I/51QfOhhRTAL._SL500_.jpg" alt="Product Image"></a><p>Hanes Boys' Big Performance Tween Boxer Brief Pack, X-Temp Mesh Underwear, Assorted, Black/Blue/Green/Grey - 6 Pack, Small</p><p>$15.29</p><a href="https://www.amazon.com/dp/B0CC6VPJ9T?tag=eloabder-20&linkCode=osi&th=1&psc=1">View Product</a></div><div class="product"><a href="https://www.amazon.com/dp/B0BHX9MGTV?tag=eloabder-20&linkCode=osi&th=1&psc=1"><img src="https://m.media-amazon.com/images/I/41xmYCCb5TL._SL500_.jpg" alt="Product Image"></a><p>Hanes Men's Boys Boxer Briefs Pack, Cool Comfort Tagless Underwear, 7-Pack, Assorted, Large</p><p>$13.00</p><a href="https://www.amazon.com/dp/B0BHX9MGTV?tag=eloabder-20&linkCode=osi&th=1&psc=1">View Product</a></div><div class="product"><a href="https://www.amazon.com/dp/B071JVXMBW?tag=eloabder-20&linkCode=osi&th=1&psc=1"><img src="https://m.media-amazon.com/images/I/41dDO730qNL._SL500_.jpg" alt="Product Image"></a><p>Hanes Boys' and Toddler Underwear, Comfort Flex and ComfortSoft Boxer Briefs, Multiple Packs Available, Assorted-7 Pack, Large</p><p>$13.00</p><a href="https://www.amazon.com/dp/B071JVXMBW?tag=eloabder-20&linkCode=osi&th=1&psc=1">View Product</a></div>
<div class="product"><a href="https://www.amazon.com/dp/B0BHX978MW?tag=eloabder-20&linkCode=osi&th=1&psc=1"><img src="https://m.media-amazon.com/images/I/41DVOhGuwJL._SL500_.jpg" alt="Product Image"></a><p>Hanes Boys' and Toddler Underwear, Comfort Flex and ComfortSoft Boxer Briefs, Multiple Packs Available, Solids/Prints Assorted-pack of 10, Large</p><p>$18.49</p><a href="https://www.amazon.com/dp/B0BHX978MW?tag=eloabder-20&linkCode=osi&th=1&psc=1">View Product</a></div>
<div class="product"><a href="https://www.amazon.com/dp/B0BHXBJPZ6?tag=eloabder-20&linkCode=osi&th=1&psc=1"><img src="https://m.media-amazon.com/images/I/41xmYCCb5TL._SL500_.jpg" alt="Product Image"></a><p>Hanes Men's Boys Boxer Briefs Pack, Cool Comfort Tagless Underwear, 7-Pack, Assorted, Small</p><p>$13.00</p><a href="https://www.amazon.com/dp/B0BHXBJPZ6?tag=eloabder-20&linkCode=osi&th=1&psc=1">View Product</a></div><div class="product"><a href="https://www.amazon.com/dp/B07T9FYQS8?tag=eloabder-20&linkCode=osi&th=1&psc=1"><img src="https://m.media-amazon.com/images/I/41hpu+H+4BS._SL500_.jpg" alt="Product Image"></a><p>Hanes Boys' X-Temp Boxer Briefs, Moisture Wicking Breathable Underwear, Tagless, Assorted 6 Pack, Medium</p><p>$14.45</p><a href="https://www.amazon.com/dp/B07T9FYQS8?tag=eloabder-20&linkCode=osi&th=1&psc=1">View Product</a></div>
<div class="product"><a href="https://www.amazon.com/dp/B00S4GMSOI?tag=eloabder-20&linkCode=osi&th=1&psc=1"><img src="https://m.media-amazon.com/images/I/31iFPCkYcTL._SL500_.jpg" alt="Product Image"></a><p>Hanes Boys Socks, Double Tough Cushioned Crew 12-pair Packs Athletic-socks, White/Grey Bottom, Large US</p><p>$9.99</p><a href="https://www.amazon.com/dp/B00S4GMSOI?tag=eloabder-20&linkCode=osi&th=1&psc=1">View Product</a></div>



























<div class="product"><a href="https://www.amazon.com/dp/B07VWPNFMD?tag=eloabder-20&linkCode=osi&th=1&psc=1"><img src="https://m.media-amazon.com/images/I/41LJTb0eozL._SL500_.jpg" alt="Product Image"></a><p>Under Armour Youth Training Cotton Crew Socks, Multipairs , Black (6-Pairs) , Small</p><p>$17.99</p><a href="https://www.amazon.com/dp/B07VWPNFMD?tag=eloabder-20&linkCode=osi&th=1&psc=1">View Product</a></div>
<div class="product"><a href="https://www.amazon.com/dp/B00BXFGBAY?tag=eloabder-20&linkCode=osi&th=1&psc=1"><img src="https://m.media-amazon.com/images/I/31u+gpU4SqL._SL500_.jpg" alt="Product Image"></a><p>PHILIP B. Gentle Conditioning Shampoo 32 oz. (947 ml) | Light-weight Hair Moisturizer, Protecting Color, Adds Softness and Shine</p><p>$115.00 ($3.59 / Fl Oz)</p><a href="https://www.amazon.com/dp/B00BXFGBAY?tag=eloabder-20&linkCode=osi&th=1&psc=1">View Product</a></div>


<div class="product"><a href="https://www.amazon.com/dp/B07P9RWTVK?tag=eloabder-20&linkCode=osi&th=1&psc=1"><img src="https://m.media-amazon.com/images/I/51UYs9+XaEL._SL500_.jpg" alt="Product Image"></a><p>Cczmfeas Boys Toddler Dinosaur Cotton Underwear Boxer Briefs 6 Pack (6-8 Years, C- 6 Pack) Navy</p><p>$14.99</p><a href="https://www.amazon.com/dp/B07P9RWTVK?tag=eloabder-20&linkCode=osi&th=1&psc=1">View Product</a></div>





















<div class="product"><a href="https://www.amazon.com/dp/B07JXFXFDN?tag=eloabder-20&linkCode=osi&th=1&psc=1"><img src="https://m.media-amazon.com/images/I/31cedI+SL+L._SL500_.jpg" alt="Product Image"></a><p>Amazon Essentials Boys' Cotton Crew Sports Socks, 10 Pairs, White Stripe, Medium</p><p>$13.30</p><a href="https://www.amazon.com/dp/B07JXFXFDN?tag=eloabder-20&linkCode=osi&th=1&psc=1">View Product</a></div><div class="product"><a href="https://www.amazon.com/dp/B07JL9J6NW?tag=eloabder-20&linkCode=osi&th=1&psc=1"><img src="https://m.media-amazon.com/images/I/31TqyKO3LzL._SL500_.jpg" alt="Product Image"></a><p>Amazon Essentials Unisex Kids' Cotton Crew Socks, 10 Pairs, White/Grey, Large</p><p>$11.40</p><a href="https://www.amazon.com/dp/B07JL9J6NW?tag=eloabder-20&linkCode=osi&th=1&psc=1">View Product</a></div>
























<div class="product"><a href="https://www.amazon.com/dp/B00VTVE4Z6?tag=eloabder-20&linkCode=osi&th=1&psc=1"><img src="https://m.media-amazon.com/images/I/21Gp9b3ASJL._SL500_.jpg" alt="Product Image"></a><p>Fruit Of The Loom Boys Eversoft Cotton Undershirts, T Shirts & Tank Tops Underwear, T Shirt - Boys - 5 Pack - White, X-Large US</p><p>$9.99</p><a href="https://www.amazon.com/dp/B00VTVE4Z6?tag=eloabder-20&linkCode=osi&th=1&psc=1">View Product</a></div>

<div class="product"><a href="https://www.amazon.com/dp/B07T8C2FGP?tag=eloabder-20&linkCode=osi&th=1&psc=1"><img src="https://m.media-amazon.com/images/I/11REPowhbuL._SL500_.jpg" alt="Product Image"></a><p>Hanes Boys' Tank Undershirt, EcoSmart Cotton Shirt, Multiple Packs Available, White, Small</p><p>$9.00</p><a href="https://www.amazon.com/dp/B07T8C2FGP?tag=eloabder-20&linkCode=osi&th=1&psc=1">View Product</a></div><div class="product"><a href="https://www.amazon.com/dp/B07GLLY1B5?tag=eloabder-20&linkCode=osi&th=1&psc=1"><img src="https://m.media-amazon.com/images/I/21jImswBMOL._SL500_.jpg" alt="Product Image"></a><p>Fruit Of The Loom Boys Eversoft Cotton Undershirts, T Shirts & Tank Tops Underwear, Tank - Boys - 10 Pack - White, Small US</p><p>$18.99</p><a href="https://www.amazon.com/dp/B07GLLY1B5?tag=eloabder-20&linkCode=osi&th=1&psc=1">View Product</a></div>

















<div class="product"><a href="https://www.amazon.com/dp/B0CC6T1BXL?tag=eloabder-20&linkCode=osi&th=1&psc=1"><img src="https://m.media-amazon.com/images/I/51QfOhhRTAL._SL500_.jpg" alt="Product Image"></a><p>Hanes Boys' Big Performance Tween Boxer Brief Pack, X-Temp Mesh Underwear, Assorted, 6-Pack, Black/Blue/Green/Grey-6 Pack, X-Large</p><p>$16.13</p><a href="https://www.amazon.com/dp/B0CC6T1BXL?tag=eloabder-20&linkCode=osi&th=1&psc=1">View Product</a></div>
<div class="product"><a href="https://www.amazon.com/dp/B0CC6VPJ9T?tag=eloabder-20&linkCode=osi&th=1&psc=1"><img src="https://m.media-amazon.com/images/I/51QfOhhRTAL._SL500_.jpg" alt="Product Image"></a><p>Hanes Boys' Big Performance Tween Boxer Brief Pack, X-Temp Mesh Underwear, Assorted, Black/Blue/Green/Grey - 6 Pack, Small</p><p>$15.29</p><a href="https://www.amazon.com/dp/B0CC6VPJ9T?tag=eloabder-20&linkCode=osi&th=1&psc=1">View Product</a></div><div class="product"><a href="https://www.amazon.com/dp/B0BHX9MGTV?tag=eloabder-20&linkCode=osi&th=1&psc=1"><img src="https://m.media-amazon.com/images/I/41xmYCCb5TL._SL500_.jpg" alt="Product Image"></a><p>Hanes Men's Boys Boxer Briefs Pack, Cool Comfort Tagless Underwear, 7-Pack, Assorted, Large</p><p>$13.00</p><a href="https://www.amazon.com/dp/B0BHX9MGTV?tag=eloabder-20&linkCode=osi&th=1&psc=1">View Product</a></div><div class="product"><a href="https://www.amazon.com/dp/B071JVXMBW?tag=eloabder-20&linkCode=osi&th=1&psc=1"><img src="https://m.media-amazon.com/images/I/41dDO730qNL._SL500_.jpg" alt="Product Image"></a><p>Hanes Boys' and Toddler Underwear, Comfort Flex and ComfortSoft Boxer Briefs, Multiple Packs Available, Assorted-7 Pack, Large</p><p>$13.00</p><a href="https://www.amazon.com/dp/B071JVXMBW?tag=eloabder-20&linkCode=osi&th=1&psc=1">View Product</a></div>
<div class="product"><a href="https://www.amazon.com/dp/B0BHX978MW?tag=eloabder-20&linkCode=osi&th=1&psc=1"><img src="https://m.media-amazon.com/images/I/41DVOhGuwJL._SL500_.jpg" alt="Product Image"></a><p>Hanes Boys' and Toddler Underwear, Comfort Flex and ComfortSoft Boxer Briefs, Multiple Packs Available, Solids/Prints Assorted-pack of 10, Large</p><p>$18.49</p><a href="https://www.amazon.com/dp/B0BHX978MW?tag=eloabder-20&linkCode=osi&th=1&psc=1">View Product</a></div>
<div class="product"><a href="https://www.amazon.com/dp/B0BHXBJPZ6?tag=eloabder-20&linkCode=osi&th=1&psc=1"><img src="https://m.media-amazon.com/images/I/41xmYCCb5TL._SL500_.jpg" alt="Product Image"></a><p>Hanes Men's Boys Boxer Briefs Pack, Cool Comfort Tagless Underwear, 7-Pack, Assorted, Small</p><p>$13.00</p><a href="https://www.amazon.com/dp/B0BHXBJPZ6?tag=eloabder-20&linkCode=osi&th=1&psc=1">View Product</a></div><div class="product"><a href="https://www.amazon.com/dp/B07T9FYQS8?tag=eloabder-20&linkCode=osi&th=1&psc=1"><img src="https://m.media-amazon.com/images/I/41hpu+H+4BS._SL500_.jpg" alt="Product Image"></a><p>Hanes Boys' X-Temp Boxer Briefs, Moisture Wicking Breathable Underwear, Tagless, Assorted 6 Pack, Medium</p><p>$14.45</p><a href="https://www.amazon.com/dp/B07T9FYQS8?tag=eloabder-20&linkCode=osi&th=1&psc=1">View Product</a></div>
<div class="product"><a href="https://www.amazon.com/dp/B00S4GMSOI?tag=eloabder-20&linkCode=osi&th=1&psc=1"><img src="https://m.media-amazon.com/images/I/31iFPCkYcTL._SL500_.jpg" alt="Product Image"></a><p>Hanes Boys Socks, Double Tough Cushioned Crew 12-pair Packs Athletic-socks, White/Grey Bottom, Large US</p><p>$9.99</p><a href="https://www.amazon.com/dp/B00S4GMSOI?tag=eloabder-20&linkCode=osi&th=1&psc=1">View Product</a></div>



























<div class="product"><a href="https://www.amazon.com/dp/B07VWPNFMD?tag=eloabder-20&linkCode=osi&th=1&psc=1"><img src="https://m.media-amazon.com/images/I/41LJTb0eozL._SL500_.jpg" alt="Product Image"></a><p>Under Armour Youth Training Cotton Crew Socks, Multipairs , Black (6-Pairs) , Small</p><p>$17.99</p><a href="https://www.amazon.com/dp/B07VWPNFMD?tag=eloabder-20&linkCode=osi&th=1&psc=1">View Product</a></div>
<div class="product"><a href="https://www.amazon.com/dp/B00BXFGBAY?tag=eloabder-20&linkCode=osi&th=1&psc=1"><img src="https://m.media-amazon.com/images/I/31u+gpU4SqL._SL500_.jpg" alt="Product Image"></a><p>PHILIP B. Gentle Conditioning Shampoo 32 oz. (947 ml) | Light-weight Hair Moisturizer, Protecting Color, Adds Softness and Shine</p><p>$115.00 ($3.59 / Fl Oz)</p><a href="https://www.amazon.com/dp/B00BXFGBAY?tag=eloabder-20&linkCode=osi&th=1&psc=1">View Product</a></div>


<div class="product"><a href="https://www.amazon.com/dp/B07P9RWTVK?tag=eloabder-20&linkCode=osi&th=1&psc=1"><img src="https://m.media-amazon.com/images/I/51UYs9+XaEL._SL500_.jpg" alt="Product Image"></a><p>Cczmfeas Boys Toddler Dinosaur Cotton Underwear Boxer Briefs 6 Pack (6-8 Years, C- 6 Pack) Navy</p><p>$14.99</p><a href="https://www.amazon.com/dp/B07P9RWTVK?tag=eloabder-20&linkCode=osi&th=1&psc=1">View Product</a></div>





















<div class="product"><a href="https://www.amazon.com/dp/B07JXFXFDN?tag=eloabder-20&linkCode=osi&th=1&psc=1"><img src="https://m.media-amazon.com/images/I/31cedI+SL+L._SL500_.jpg" alt="Product Image"></a><p>Amazon Essentials Boys' Cotton Crew Sports Socks, 10 Pairs, White Stripe, Medium</p><p>$13.30</p><a href="https://www.amazon.com/dp/B07JXFXFDN?tag=eloabder-20&linkCode=osi&th=1&psc=1">View Product</a></div><div class="product"><a href="https://www.amazon.com/dp/B07JL9J6NW?tag=eloabder-20&linkCode=osi&th=1&psc=1"><img src="https://m.media-amazon.com/images/I/31TqyKO3LzL._SL500_.jpg" alt="Product Image"></a><p>Amazon Essentials Unisex Kids' Cotton Crew Socks, 10 Pairs, White/Grey, Large</p><p>$11.40</p><a href="https://www.amazon.com/dp/B07JL9J6NW?tag=eloabder-20&linkCode=osi&th=1&psc=1">View Product</a></div>

























<div class="product"><a href="https://www.amazon.com/dp/B00VTVE4Z6?tag=eloabder-20&linkCode=osi&th=1&psc=1"><img src="https://m.media-amazon.com/images/I/21Gp9b3ASJL._SL500_.jpg" alt="Product Image"></a><p>Fruit Of The Loom Boys Eversoft Cotton Undershirts, T Shirts & Tank Tops Underwear, T Shirt - Boys - 5 Pack - White, X-Large US</p><p>$9.99</p><a href="https://www.amazon.com/dp/B00VTVE4Z6?tag=eloabder-20&linkCode=osi&th=1&psc=1">View Product</a></div>

<div class="product"><a href="https://www.amazon.com/dp/B07T8C2FGP?tag=eloabder-20&linkCode=osi&th=1&psc=1"><img src="https://m.media-amazon.com/images/I/11REPowhbuL._SL500_.jpg" alt="Product Image"></a><p>Hanes Boys' Tank Undershirt, EcoSmart Cotton Shirt, Multiple Packs Available, White, Small</p><p>$9.00</p><a href="https://www.amazon.com/dp/B07T8C2FGP?tag=eloabder-20&linkCode=osi&th=1&psc=1">View Product</a></div><div class="product"><a href="https://www.amazon.com/dp/B07GLLY1B5?tag=eloabder-20&linkCode=osi&th=1&psc=1"><img src="https://m.media-amazon.com/images/I/21jImswBMOL._SL500_.jpg" alt="Product Image"></a><p>Fruit Of The Loom Boys Eversoft Cotton Undershirts, T Shirts & Tank Tops Underwear, Tank - Boys - 10 Pack - White, Small US</p><p>$18.99</p><a href="https://www.amazon.com/dp/B07GLLY1B5?tag=eloabder-20&linkCode=osi&th=1&psc=1">View Product</a></div>

















<div class="product"><a href="https://www.amazon.com/dp/B0CC6T1BXL?tag=eloabder-20&linkCode=osi&th=1&psc=1"><img src="https://m.media-amazon.com/images/I/51QfOhhRTAL._SL500_.jpg" alt="Product Image"></a><p>Hanes Boys' Big Performance Tween Boxer Brief Pack, X-Temp Mesh Underwear, Assorted, 6-Pack, Black/Blue/Green/Grey-6 Pack, X-Large</p><p>$16.13</p><a href="https://www.amazon.com/dp/B0CC6T1BXL?tag=eloabder-20&linkCode=osi&th=1&psc=1">View Product</a></div>
<div class="product"><a href="https://www.amazon.com/dp/B0CC6VPJ9T?tag=eloabder-20&linkCode=osi&th=1&psc=1"><img src="https://m.media-amazon.com/images/I/51QfOhhRTAL._SL500_.jpg" alt="Product Image"></a><p>Hanes Boys' Big Performance Tween Boxer Brief Pack, X-Temp Mesh Underwear, Assorted, Black/Blue/Green/Grey - 6 Pack, Small</p><p>$15.29</p><a href="https://www.amazon.com/dp/B0CC6VPJ9T?tag=eloabder-20&linkCode=osi&th=1&psc=1">View Product</a></div><div class="product"><a href="https://www.amazon.com/dp/B0BHX9MGTV?tag=eloabder-20&linkCode=osi&th=1&psc=1"><img src="https://m.media-amazon.com/images/I/41xmYCCb5TL._SL500_.jpg" alt="Product Image"></a><p>Hanes Men's Boys Boxer Briefs Pack, Cool Comfort Tagless Underwear, 7-Pack, Assorted, Large</p><p>$13.00</p><a href="https://www.amazon.com/dp/B0BHX9MGTV?tag=eloabder-20&linkCode=osi&th=1&psc=1">View Product</a></div><div class="product"><a href="https://www.amazon.com/dp/B071JVXMBW?tag=eloabder-20&linkCode=osi&th=1&psc=1"><img src="https://m.media-amazon.com/images/I/41dDO730qNL._SL500_.jpg" alt="Product Image"></a><p>Hanes Boys' and Toddler Underwear, Comfort Flex and ComfortSoft Boxer Briefs, Multiple Packs Available, Assorted-7 Pack, Large</p><p>$13.00</p><a href="https://www.amazon.com/dp/B071JVXMBW?tag=eloabder-20&linkCode=osi&th=1&psc=1">View Product</a></div>
<div class="product"><a href="https://www.amazon.com/dp/B0BHX978MW?tag=eloabder-20&linkCode=osi&th=1&psc=1"><img src="https://m.media-amazon.com/images/I/41DVOhGuwJL._SL500_.jpg" alt="Product Image"></a><p>Hanes Boys' and Toddler Underwear, Comfort Flex and ComfortSoft Boxer Briefs, Multiple Packs Available, Solids/Prints Assorted-pack of 10, Large</p><p>$18.49</p><a href="https://www.amazon.com/dp/B0BHX978MW?tag=eloabder-20&linkCode=osi&th=1&psc=1">View Product</a></div>
<div class="product"><a href="https://www.amazon.com/dp/B0BHXBJPZ6?tag=eloabder-20&linkCode=osi&th=1&psc=1"><img src="https://m.media-amazon.com/images/I/41xmYCCb5TL._SL500_.jpg" alt="Product Image"></a><p>Hanes Men's Boys Boxer Briefs Pack, Cool Comfort Tagless Underwear, 7-Pack, Assorted, Small</p><p>$13.00</p><a href="https://www.amazon.com/dp/B0BHXBJPZ6?tag=eloabder-20&linkCode=osi&th=1&psc=1">View Product</a></div><div class="product"><a href="https://www.amazon.com/dp/B07T9FYQS8?tag=eloabder-20&linkCode=osi&th=1&psc=1"><img src="https://m.media-amazon.com/images/I/41hpu+H+4BS._SL500_.jpg" alt="Product Image"></a><p>Hanes Boys' X-Temp Boxer Briefs, Moisture Wicking Breathable Underwear, Tagless, Assorted 6 Pack, Medium</p><p>$14.45</p><a href="https://www.amazon.com/dp/B07T9FYQS8?tag=eloabder-20&linkCode=osi&th=1&psc=1">View Product</a></div>
<div class="product"><a href="https://www.amazon.com/dp/B00S4GMSOI?tag=eloabder-20&linkCode=osi&th=1&psc=1"><img src="https://m.media-amazon.com/images/I/31iFPCkYcTL._SL500_.jpg" alt="Product Image"></a><p>Hanes Boys Socks, Double Tough Cushioned Crew 12-pair Packs Athletic-socks, White/Grey Bottom, Large US</p><p>$9.99</p><a href="https://www.amazon.com/dp/B00S4GMSOI?tag=eloabder-20&linkCode=osi&th=1&psc=1">View Product</a></div>



























<div class="product"><a href="https://www.amazon.com/dp/B07VWPNFMD?tag=eloabder-20&linkCode=osi&th=1&psc=1"><img src="https://m.media-amazon.com/images/I/41LJTb0eozL._SL500_.jpg" alt="Product Image"></a><p>Under Armour Youth Training Cotton Crew Socks, Multipairs , Black (6-Pairs) , Small</p><p>$17.99</p><a href="https://www.amazon.com/dp/B07VWPNFMD?tag=eloabder-20&linkCode=osi&th=1&psc=1">View Product</a></div>
<div class="product"><a href="https://www.amazon.com/dp/B00BXFGBAY?tag=eloabder-20&linkCode=osi&th=1&psc=1"><img src="https://m.media-amazon.com/images/I/31u+gpU4SqL._SL500_.jpg" alt="Product Image"></a><p>PHILIP B. Gentle Conditioning Shampoo 32 oz. (947 ml) | Light-weight Hair Moisturizer, Protecting Color, Adds Softness and Shine</p><p>$115.00 ($3.59 / Fl Oz)</p><a href="https://www.amazon.com/dp/B00BXFGBAY?tag=eloabder-20&linkCode=osi&th=1&psc=1">View Product</a></div>


<div class="product"><a href="https://www.amazon.com/dp/B07P9RWTVK?tag=eloabder-20&linkCode=osi&th=1&psc=1"><img src="https://m.media-amazon.com/images/I/51UYs9+XaEL._SL500_.jpg" alt="Product Image"></a><p>Cczmfeas Boys Toddler Dinosaur Cotton Underwear Boxer Briefs 6 Pack (6-8 Years, C- 6 Pack) Navy</p><p>$14.99</p><a href="https://www.amazon.com/dp/B07P9RWTVK?tag=eloabder-20&linkCode=osi&th=1&psc=1">View Product</a></div>





















<div class="product"><a href="https://www.amazon.com/dp/B07JXFXFDN?tag=eloabder-20&linkCode=osi&th=1&psc=1"><img src="https://m.media-amazon.com/images/I/31cedI+SL+L._SL500_.jpg" alt="Product Image"></a><p>Amazon Essentials Boys' Cotton Crew Sports Socks, 10 Pairs, White Stripe, Medium</p><p>$13.30</p><a href="https://www.amazon.com/dp/B07JXFXFDN?tag=eloabder-20&linkCode=osi&th=1&psc=1">View Product</a></div><div class="product"><a href="https://www.amazon.com/dp/B07JL9J6NW?tag=eloabder-20&linkCode=osi&th=1&psc=1"><img src="https://m.media-amazon.com/images/I/31TqyKO3LzL._SL500_.jpg" alt="Product Image"></a><p>Amazon Essentials Unisex Kids' Cotton Crew Socks, 10 Pairs, White/Grey, Large</p><p>$11.40</p><a href="https://www.amazon.com/dp/B07JL9J6NW?tag=eloabder-20&linkCode=osi&th=1&psc=1">View Product</a></div>


























<div class="product"><a href="https://www.amazon.com/dp/B00VTVE4Z6?tag=eloabder-20&linkCode=osi&th=1&psc=1"><img src="https://m.media-amazon.com/images/I/21Gp9b3ASJL._SL500_.jpg" alt="Product Image"></a><p>Fruit Of The Loom Boys Eversoft Cotton Undershirts, T Shirts & Tank Tops Underwear, T Shirt - Boys - 5 Pack - White, X-Large US</p><p>$9.99</p><a href="https://www.amazon.com/dp/B00VTVE4Z6?tag=eloabder-20&linkCode=osi&th=1&psc=1">View Product</a></div>

<div class="product"><a href="https://www.amazon.com/dp/B07T8C2FGP?tag=eloabder-20&linkCode=osi&th=1&psc=1"><img src="https://m.media-amazon.com/images/I/11REPowhbuL._SL500_.jpg" alt="Product Image"></a><p>Hanes Boys' Tank Undershirt, EcoSmart Cotton Shirt, Multiple Packs Available, White, Small</p><p>$9.00</p><a href="https://www.amazon.com/dp/B07T8C2FGP?tag=eloabder-20&linkCode=osi&th=1&psc=1">View Product</a></div><div class="product"><a href="https://www.amazon.com/dp/B07GLLY1B5?tag=eloabder-20&linkCode=osi&th=1&psc=1"><img src="https://m.media-amazon.com/images/I/21jImswBMOL._SL500_.jpg" alt="Product Image"></a><p>Fruit Of The Loom Boys Eversoft Cotton Undershirts, T Shirts & Tank Tops Underwear, Tank - Boys - 10 Pack - White, Small US</p><p>$18.99</p><a href="https://www.amazon.com/dp/B07GLLY1B5?tag=eloabder-20&linkCode=osi&th=1&psc=1">View Product</a></div>

















<div class="product"><a href="https://www.amazon.com/dp/B0CC6T1BXL?tag=eloabder-20&linkCode=osi&th=1&psc=1"><img src="https://m.media-amazon.com/images/I/51QfOhhRTAL._SL500_.jpg" alt="Product Image"></a><p>Hanes Boys' Big Performance Tween Boxer Brief Pack, X-Temp Mesh Underwear, Assorted, 6-Pack, Black/Blue/Green/Grey-6 Pack, X-Large</p><p>$16.13</p><a href="https://www.amazon.com/dp/B0CC6T1BXL?tag=eloabder-20&linkCode=osi&th=1&psc=1">View Product</a></div>
<div class="product"><a href="https://www.amazon.com/dp/B0CC6VPJ9T?tag=eloabder-20&linkCode=osi&th=1&psc=1"><img src="https://m.media-amazon.com/images/I/51QfOhhRTAL._SL500_.jpg" alt="Product Image"></a><p>Hanes Boys' Big Performance Tween Boxer Brief Pack, X-Temp Mesh Underwear, Assorted, Black/Blue/Green/Grey - 6 Pack, Small</p><p>$15.29</p><a href="https://www.amazon.com/dp/B0CC6VPJ9T?tag=eloabder-20&linkCode=osi&th=1&psc=1">View Product</a></div><div class="product"><a href="https://www.amazon.com/dp/B0BHX9MGTV?tag=eloabder-20&linkCode=osi&th=1&psc=1"><img src="https://m.media-amazon.com/images/I/41xmYCCb5TL._SL500_.jpg" alt="Product Image"></a><p>Hanes Men's Boys Boxer Briefs Pack, Cool Comfort Tagless Underwear, 7-Pack, Assorted, Large</p><p>$13.00</p><a href="https://www.amazon.com/dp/B0BHX9MGTV?tag=eloabder-20&linkCode=osi&th=1&psc=1">View Product</a></div><div class="product"><a href="https://www.amazon.com/dp/B071JVXMBW?tag=eloabder-20&linkCode=osi&th=1&psc=1"><img src="https://m.media-amazon.com/images/I/41dDO730qNL._SL500_.jpg" alt="Product Image"></a><p>Hanes Boys' and Toddler Underwear, Comfort Flex and ComfortSoft Boxer Briefs, Multiple Packs Available, Assorted-7 Pack, Large</p><p>$13.00</p><a href="https://www.amazon.com/dp/B071JVXMBW?tag=eloabder-20&linkCode=osi&th=1&psc=1">View Product</a></div>
<div class="product"><a href="https://www.amazon.com/dp/B0BHX978MW?tag=eloabder-20&linkCode=osi&th=1&psc=1"><img src="https://m.media-amazon.com/images/I/41DVOhGuwJL._SL500_.jpg" alt="Product Image"></a><p>Hanes Boys' and Toddler Underwear, Comfort Flex and ComfortSoft Boxer Briefs, Multiple Packs Available, Solids/Prints Assorted-pack of 10, Large</p><p>$18.49</p><a href="https://www.amazon.com/dp/B0BHX978MW?tag=eloabder-20&linkCode=osi&th=1&psc=1">View Product</a></div>
<div class="product"><a href="https://www.amazon.com/dp/B0BHXBJPZ6?tag=eloabder-20&linkCode=osi&th=1&psc=1"><img src="https://m.media-amazon.com/images/I/41xmYCCb5TL._SL500_.jpg" alt="Product Image"></a><p>Hanes Men's Boys Boxer Briefs Pack, Cool Comfort Tagless Underwear, 7-Pack, Assorted, Small</p><p>$13.00</p><a href="https://www.amazon.com/dp/B0BHXBJPZ6?tag=eloabder-20&linkCode=osi&th=1&psc=1">View Product</a></div><div class="product"><a href="https://www.amazon.com/dp/B07T9FYQS8?tag=eloabder-20&linkCode=osi&th=1&psc=1"><img src="https://m.media-amazon.com/images/I/41hpu+H+4BS._SL500_.jpg" alt="Product Image"></a><p>Hanes Boys' X-Temp Boxer Briefs, Moisture Wicking Breathable Underwear, Tagless, Assorted 6 Pack, Medium</p><p>$14.45</p><a href="https://www.amazon.com/dp/B07T9FYQS8?tag=eloabder-20&linkCode=osi&th=1&psc=1">View Product</a></div>
<div class="product"><a href="https://www.amazon.com/dp/B00S4GMSOI?tag=eloabder-20&linkCode=osi&th=1&psc=1"><img src="https://m.media-amazon.com/images/I/31iFPCkYcTL._SL500_.jpg" alt="Product Image"></a><p>Hanes Boys Socks, Double Tough Cushioned Crew 12-pair Packs Athletic-socks, White/Grey Bottom, Large US</p><p>$9.99</p><a href="https://www.amazon.com/dp/B00S4GMSOI?tag=eloabder-20&linkCode=osi&th=1&psc=1">View Product</a></div>



























<div class="product"><a href="https://www.amazon.com/dp/B07VWPNFMD?tag=eloabder-20&linkCode=osi&th=1&psc=1"><img src="https://m.media-amazon.com/images/I/41LJTb0eozL._SL500_.jpg" alt="Product Image"></a><p>Under Armour Youth Training Cotton Crew Socks, Multipairs , Black (6-Pairs) , Small</p><p>$17.99</p><a href="https://www.amazon.com/dp/B07VWPNFMD?tag=eloabder-20&linkCode=osi&th=1&psc=1">View Product</a></div>
<div class="product"><a href="https://www.amazon.com/dp/B00BXFGBAY?tag=eloabder-20&linkCode=osi&th=1&psc=1"><img src="https://m.media-amazon.com/images/I/31u+gpU4SqL._SL500_.jpg" alt="Product Image"></a><p>PHILIP B. Gentle Conditioning Shampoo 32 oz. (947 ml) | Light-weight Hair Moisturizer, Protecting Color, Adds Softness and Shine</p><p>$115.00 ($3.59 / Fl Oz)</p><a href="https://www.amazon.com/dp/B00BXFGBAY?tag=eloabder-20&linkCode=osi&th=1&psc=1">View Product</a></div>


<div class="product"><a href="https://www.amazon.com/dp/B07P9RWTVK?tag=eloabder-20&linkCode=osi&th=1&psc=1"><img src="https://m.media-amazon.com/images/I/51UYs9+XaEL._SL500_.jpg" alt="Product Image"></a><p>Cczmfeas Boys Toddler Dinosaur Cotton Underwear Boxer Briefs 6 Pack (6-8 Years, C- 6 Pack) Navy</p><p>$14.99</p><a href="https://www.amazon.com/dp/B07P9RWTVK?tag=eloabder-20&linkCode=osi&th=1&psc=1">View Product</a></div>





















<div class="product"><a href="https://www.amazon.com/dp/B07JXFXFDN?tag=eloabder-20&linkCode=osi&th=1&psc=1"><img src="https://m.media-amazon.com/images/I/31cedI+SL+L._SL500_.jpg" alt="Product Image"></a><p>Amazon Essentials Boys' Cotton Crew Sports Socks, 10 Pairs, White Stripe, Medium</p><p>$13.30</p><a href="https://www.amazon.com/dp/B07JXFXFDN?tag=eloabder-20&linkCode=osi&th=1&psc=1">View Product</a></div><div class="product"><a href="https://www.amazon.com/dp/B07JL9J6NW?tag=eloabder-20&linkCode=osi&th=1&psc=1"><img src="https://m.media-amazon.com/images/I/31TqyKO3LzL._SL500_.jpg" alt="Product Image"></a><p>Amazon Essentials Unisex Kids' Cotton Crew Socks, 10 Pairs, White/Grey, Large</p><p>$11.40</p><a href="https://www.amazon.com/dp/B07JL9J6NW?tag=eloabder-20&linkCode=osi&th=1&psc=1">View Product</a></div>



























<div class="product"><a href="https://www.amazon.com/dp/B00VTVE4Z6?tag=eloabder-20&linkCode=osi&th=1&psc=1"><img src="https://m.media-amazon.com/images/I/21Gp9b3ASJL._SL500_.jpg" alt="Product Image"></a><p>Fruit Of The Loom Boys Eversoft Cotton Undershirts, T Shirts & Tank Tops Underwear, T Shirt - Boys - 5 Pack - White, X-Large US</p><p>$9.99</p><a href="https://www.amazon.com/dp/B00VTVE4Z6?tag=eloabder-20&linkCode=osi&th=1&psc=1">View Product</a></div>

<div class="product"><a href="https://www.amazon.com/dp/B07T8C2FGP?tag=eloabder-20&linkCode=osi&th=1&psc=1"><img src="https://m.media-amazon.com/images/I/11REPowhbuL._SL500_.jpg" alt="Product Image"></a><p>Hanes Boys' Tank Undershirt, EcoSmart Cotton Shirt, Multiple Packs Available, White, Small</p><p>$9.00</p><a href="https://www.amazon.com/dp/B07T8C2FGP?tag=eloabder-20&linkCode=osi&th=1&psc=1">View Product</a></div><div class="product"><a href="https://www.amazon.com/dp/B07GLLY1B5?tag=eloabder-20&linkCode=osi&th=1&psc=1"><img src="https://m.media-amazon.com/images/I/21jImswBMOL._SL500_.jpg" alt="Product Image"></a><p>Fruit Of The Loom Boys Eversoft Cotton Undershirts, T Shirts & Tank Tops Underwear, Tank - Boys - 10 Pack - White, Small US</p><p>$18.99</p><a href="https://www.amazon.com/dp/B07GLLY1B5?tag=eloabder-20&linkCode=osi&th=1&psc=1">View Product</a></div>

















<div class="product"><a href="https://www.amazon.com/dp/B0CC6T1BXL?tag=eloabder-20&linkCode=osi&th=1&psc=1"><img src="https://m.media-amazon.com/images/I/51QfOhhRTAL._SL500_.jpg" alt="Product Image"></a><p>Hanes Boys' Big Performance Tween Boxer Brief Pack, X-Temp Mesh Underwear, Assorted, 6-Pack, Black/Blue/Green/Grey-6 Pack, X-Large</p><p>$16.13</p><a href="https://www.amazon.com/dp/B0CC6T1BXL?tag=eloabder-20&linkCode=osi&th=1&psc=1">View Product</a></div>
<div class="product"><a href="https://www.amazon.com/dp/B0CC6VPJ9T?tag=eloabder-20&linkCode=osi&th=1&psc=1"><img src="https://m.media-amazon.com/images/I/51QfOhhRTAL._SL500_.jpg" alt="Product Image"></a><p>Hanes Boys' Big Performance Tween Boxer Brief Pack, X-Temp Mesh Underwear, Assorted, Black/Blue/Green/Grey - 6 Pack, Small</p><p>$15.29</p><a href="https://www.amazon.com/dp/B0CC6VPJ9T?tag=eloabder-20&linkCode=osi&th=1&psc=1">View Product</a></div><div class="product"><a href="https://www.amazon.com/dp/B0BHX9MGTV?tag=eloabder-20&linkCode=osi&th=1&psc=1"><img src="https://m.media-amazon.com/images/I/41xmYCCb5TL._SL500_.jpg" alt="Product Image"></a><p>Hanes Men's Boys Boxer Briefs Pack, Cool Comfort Tagless Underwear, 7-Pack, Assorted, Large</p><p>$13.00</p><a href="https://www.amazon.com/dp/B0BHX9MGTV?tag=eloabder-20&linkCode=osi&th=1&psc=1">View Product</a></div><div class="product"><a href="https://www.amazon.com/dp/B071JVXMBW?tag=eloabder-20&linkCode=osi&th=1&psc=1"><img src="https://m.media-amazon.com/images/I/41dDO730qNL._SL500_.jpg" alt="Product Image"></a><p>Hanes Boys' and Toddler Underwear, Comfort Flex and ComfortSoft Boxer Briefs, Multiple Packs Available, Assorted-7 Pack, Large</p><p>$13.00</p><a href="https://www.amazon.com/dp/B071JVXMBW?tag=eloabder-20&linkCode=osi&th=1&psc=1">View Product</a></div>
<div class="product"><a href="https://www.amazon.com/dp/B0BHX978MW?tag=eloabder-20&linkCode=osi&th=1&psc=1"><img src="https://m.media-amazon.com/images/I/41DVOhGuwJL._SL500_.jpg" alt="Product Image"></a><p>Hanes Boys' and Toddler Underwear, Comfort Flex and ComfortSoft Boxer Briefs, Multiple Packs Available, Solids/Prints Assorted-pack of 10, Large</p><p>$18.49</p><a href="https://www.amazon.com/dp/B0BHX978MW?tag=eloabder-20&linkCode=osi&th=1&psc=1">View Product</a></div>
<div class="product"><a href="https://www.amazon.com/dp/B0BHXBJPZ6?tag=eloabder-20&linkCode=osi&th=1&psc=1"><img src="https://m.media-amazon.com/images/I/41xmYCCb5TL._SL500_.jpg" alt="Product Image"></a><p>Hanes Men's Boys Boxer Briefs Pack, Cool Comfort Tagless Underwear, 7-Pack, Assorted, Small</p><p>$13.00</p><a href="https://www.amazon.com/dp/B0BHXBJPZ6?tag=eloabder-20&linkCode=osi&th=1&psc=1">View Product</a></div><div class="product"><a href="https://www.amazon.com/dp/B07T9FYQS8?tag=eloabder-20&linkCode=osi&th=1&psc=1"><img src="https://m.media-amazon.com/images/I/41hpu+H+4BS._SL500_.jpg" alt="Product Image"></a><p>Hanes Boys' X-Temp Boxer Briefs, Moisture Wicking Breathable Underwear, Tagless, Assorted 6 Pack, Medium</p><p>$14.45</p><a href="https://www.amazon.com/dp/B07T9FYQS8?tag=eloabder-20&linkCode=osi&th=1&psc=1">View Product</a></div>
<div class="product"><a href="https://www.amazon.com/dp/B00S4GMSOI?tag=eloabder-20&linkCode=osi&th=1&psc=1"><img src="https://m.media-amazon.com/images/I/31iFPCkYcTL._SL500_.jpg" alt="Product Image"></a><p>Hanes Boys Socks, Double Tough Cushioned Crew 12-pair Packs Athletic-socks, White/Grey Bottom, Large US</p><p>$9.99</p><a href="https://www.amazon.com/dp/B00S4GMSOI?tag=eloabder-20&linkCode=osi&th=1&psc=1">View Product</a></div>



























<div class="product"><a href="https://www.amazon.com/dp/B07VWPNFMD?tag=eloabder-20&linkCode=osi&th=1&psc=1"><img src="https://m.media-amazon.com/images/I/41LJTb0eozL._SL500_.jpg" alt="Product Image"></a><p>Under Armour Youth Training Cotton Crew Socks, Multipairs , Black (6-Pairs) , Small</p><p>$17.99</p><a href="https://www.amazon.com/dp/B07VWPNFMD?tag=eloabder-20&linkCode=osi&th=1&psc=1">View Product</a></div>
<div class="product"><a href="https://www.amazon.com/dp/B00BXFGBAY?tag=eloabder-20&linkCode=osi&th=1&psc=1"><img src="https://m.media-amazon.com/images/I/31u+gpU4SqL._SL500_.jpg" alt="Product Image"></a><p>PHILIP B. Gentle Conditioning Shampoo 32 oz. (947 ml) | Light-weight Hair Moisturizer, Protecting Color, Adds Softness and Shine</p><p>$115.00 ($3.59 / Fl Oz)</p><a href="https://www.amazon.com/dp/B00BXFGBAY?tag=eloabder-20&linkCode=osi&th=1&psc=1">View Product</a></div>


<div class="product"><a href="https://www.amazon.com/dp/B07P9RWTVK?tag=eloabder-20&linkCode=osi&th=1&psc=1"><img src="https://m.media-amazon.com/images/I/51UYs9+XaEL._SL500_.jpg" alt="Product Image"></a><p>Cczmfeas Boys Toddler Dinosaur Cotton Underwear Boxer Briefs 6 Pack (6-8 Years, C- 6 Pack) Navy</p><p>$14.99</p><a href="https://www.amazon.com/dp/B07P9RWTVK?tag=eloabder-20&linkCode=osi&th=1&psc=1">View Product</a></div>





















<div class="product"><a href="https://www.amazon.com/dp/B07JXFXFDN?tag=eloabder-20&linkCode=osi&th=1&psc=1"><img src="https://m.media-amazon.com/images/I/31cedI+SL+L._SL500_.jpg" alt="Product Image"></a><p>Amazon Essentials Boys' Cotton Crew Sports Socks, 10 Pairs, White Stripe, Medium</p><p>$13.30</p><a href="https://www.amazon.com/dp/B07JXFXFDN?tag=eloabder-20&linkCode=osi&th=1&psc=1">View Product</a></div><div class="product"><a href="https://www.amazon.com/dp/B07JL9J6NW?tag=eloabder-20&linkCode=osi&th=1&psc=1"><img src="https://m.media-amazon.com/images/I/31TqyKO3LzL._SL500_.jpg" alt="Product Image"></a><p>Amazon Essentials Unisex Kids' Cotton Crew Socks, 10 Pairs, White/Grey, Large</p><p>$11.40</p><a href="https://www.amazon.com/dp/B07JL9J6NW?tag=eloabder-20&linkCode=osi&th=1&psc=1">View Product</a></div>




























<div class="product"><a href="https://www.amazon.com/dp/B00VTVE4Z6?tag=eloabder-20&linkCode=osi&th=1&psc=1"><img src="https://m.media-amazon.com/images/I/21Gp9b3ASJL._SL500_.jpg" alt="Product Image"></a><p>Fruit Of The Loom Boys Eversoft Cotton Undershirts, T Shirts & Tank Tops Underwear, T Shirt - Boys - 5 Pack - White, X-Large US</p><p>$9.99</p><a href="https://www.amazon.com/dp/B00VTVE4Z6?tag=eloabder-20&linkCode=osi&th=1&psc=1">View Product</a></div>

<div class="product"><a href="https://www.amazon.com/dp/B07T8C2FGP?tag=eloabder-20&linkCode=osi&th=1&psc=1"><img src="https://m.media-amazon.com/images/I/11REPowhbuL._SL500_.jpg" alt="Product Image"></a><p>Hanes Boys' Tank Undershirt, EcoSmart Cotton Shirt, Multiple Packs Available, White, Small</p><p>$9.00</p><a href="https://www.amazon.com/dp/B07T8C2FGP?tag=eloabder-20&linkCode=osi&th=1&psc=1">View Product</a></div><div class="product"><a href="https://www.amazon.com/dp/B07GLLY1B5?tag=eloabder-20&linkCode=osi&th=1&psc=1"><img src="https://m.media-amazon.com/images/I/21jImswBMOL._SL500_.jpg" alt="Product Image"></a><p>Fruit Of The Loom Boys Eversoft Cotton Undershirts, T Shirts & Tank Tops Underwear, Tank - Boys - 10 Pack - White, Small US</p><p>$18.99</p><a href="https://www.amazon.com/dp/B07GLLY1B5?tag=eloabder-20&linkCode=osi&th=1&psc=1">View Product</a></div>

















<div class="product"><a href="https://www.amazon.com/dp/B0CC6T1BXL?tag=eloabder-20&linkCode=osi&th=1&psc=1"><img src="https://m.media-amazon.com/images/I/51QfOhhRTAL._SL500_.jpg" alt="Product Image"></a><p>Hanes Boys' Big Performance Tween Boxer Brief Pack, X-Temp Mesh Underwear, Assorted, 6-Pack, Black/Blue/Green/Grey-6 Pack, X-Large</p><p>$16.13</p><a href="https://www.amazon.com/dp/B0CC6T1BXL?tag=eloabder-20&linkCode=osi&th=1&psc=1">View Product</a></div>
<div class="product"><a href="https://www.amazon.com/dp/B0CC6VPJ9T?tag=eloabder-20&linkCode=osi&th=1&psc=1"><img src="https://m.media-amazon.com/images/I/51QfOhhRTAL._SL500_.jpg" alt="Product Image"></a><p>Hanes Boys' Big Performance Tween Boxer Brief Pack, X-Temp Mesh Underwear, Assorted, Black/Blue/Green/Grey - 6 Pack, Small</p><p>$15.29</p><a href="https://www.amazon.com/dp/B0CC6VPJ9T?tag=eloabder-20&linkCode=osi&th=1&psc=1">View Product</a></div><div class="product"><a href="https://www.amazon.com/dp/B0BHX9MGTV?tag=eloabder-20&linkCode=osi&th=1&psc=1"><img src="https://m.media-amazon.com/images/I/41xmYCCb5TL._SL500_.jpg" alt="Product Image"></a><p>Hanes Men's Boys Boxer Briefs Pack, Cool Comfort Tagless Underwear, 7-Pack, Assorted, Large</p><p>$13.00</p><a href="https://www.amazon.com/dp/B0BHX9MGTV?tag=eloabder-20&linkCode=osi&th=1&psc=1">View Product</a></div><div class="product"><a href="https://www.amazon.com/dp/B071JVXMBW?tag=eloabder-20&linkCode=osi&th=1&psc=1"><img src="https://m.media-amazon.com/images/I/41dDO730qNL._SL500_.jpg" alt="Product Image"></a><p>Hanes Boys' and Toddler Underwear, Comfort Flex and ComfortSoft Boxer Briefs, Multiple Packs Available, Assorted-7 Pack, Large</p><p>$13.00</p><a href="https://www.amazon.com/dp/B071JVXMBW?tag=eloabder-20&linkCode=osi&th=1&psc=1">View Product</a></div>
<div class="product"><a href="https://www.amazon.com/dp/B0BHX978MW?tag=eloabder-20&linkCode=osi&th=1&psc=1"><img src="https://m.media-amazon.com/images/I/41DVOhGuwJL._SL500_.jpg" alt="Product Image"></a><p>Hanes Boys' and Toddler Underwear, Comfort Flex and ComfortSoft Boxer Briefs, Multiple Packs Available, Solids/Prints Assorted-pack of 10, Large</p><p>$18.49</p><a href="https://www.amazon.com/dp/B0BHX978MW?tag=eloabder-20&linkCode=osi&th=1&psc=1">View Product</a></div>
<div class="product"><a href="https://www.amazon.com/dp/B0BHXBJPZ6?tag=eloabder-20&linkCode=osi&th=1&psc=1"><img src="https://m.media-amazon.com/images/I/41xmYCCb5TL._SL500_.jpg" alt="Product Image"></a><p>Hanes Men's Boys Boxer Briefs Pack, Cool Comfort Tagless Underwear, 7-Pack, Assorted, Small</p><p>$13.00</p><a href="https://www.amazon.com/dp/B0BHXBJPZ6?tag=eloabder-20&linkCode=osi&th=1&psc=1">View Product</a></div><div class="product"><a href="https://www.amazon.com/dp/B07T9FYQS8?tag=eloabder-20&linkCode=osi&th=1&psc=1"><img src="https://m.media-amazon.com/images/I/41hpu+H+4BS._SL500_.jpg" alt="Product Image"></a><p>Hanes Boys' X-Temp Boxer Briefs, Moisture Wicking Breathable Underwear, Tagless, Assorted 6 Pack, Medium</p><p>$14.45</p><a href="https://www.amazon.com/dp/B07T9FYQS8?tag=eloabder-20&linkCode=osi&th=1&psc=1">View Product</a></div>
<div class="product"><a href="https://www.amazon.com/dp/B00S4GMSOI?tag=eloabder-20&linkCode=osi&th=1&psc=1"><img src="https://m.media-amazon.com/images/I/31iFPCkYcTL._SL500_.jpg" alt="Product Image"></a><p>Hanes Boys Socks, Double Tough Cushioned Crew 12-pair Packs Athletic-socks, White/Grey Bottom, Large US</p><p>$9.99</p><a href="https://www.amazon.com/dp/B00S4GMSOI?tag=eloabder-20&linkCode=osi&th=1&psc=1">View Product</a></div>



























<div class="product"><a href="https://www.amazon.com/dp/B07VWPNFMD?tag=eloabder-20&linkCode=osi&th=1&psc=1"><img src="https://m.media-amazon.com/images/I/41LJTb0eozL._SL500_.jpg" alt="Product Image"></a><p>Under Armour Youth Training Cotton Crew Socks, Multipairs , Black (6-Pairs) , Small</p><p>$17.99</p><a href="https://www.amazon.com/dp/B07VWPNFMD?tag=eloabder-20&linkCode=osi&th=1&psc=1">View Product</a></div>
<div class="product"><a href="https://www.amazon.com/dp/B00BXFGBAY?tag=eloabder-20&linkCode=osi&th=1&psc=1"><img src="https://m.media-amazon.com/images/I/31u+gpU4SqL._SL500_.jpg" alt="Product Image"></a><p>PHILIP B. Gentle Conditioning Shampoo 32 oz. (947 ml) | Light-weight Hair Moisturizer, Protecting Color, Adds Softness and Shine</p><p>$115.00 ($3.59 / Fl Oz)</p><a href="https://www.amazon.com/dp/B00BXFGBAY?tag=eloabder-20&linkCode=osi&th=1&psc=1">View Product</a></div>


<div class="product"><a href="https://www.amazon.com/dp/B07P9RWTVK?tag=eloabder-20&linkCode=osi&th=1&psc=1"><img src="https://m.media-amazon.com/images/I/51UYs9+XaEL._SL500_.jpg" alt="Product Image"></a><p>Cczmfeas Boys Toddler Dinosaur Cotton Underwear Boxer Briefs 6 Pack (6-8 Years, C- 6 Pack) Navy</p><p>$14.99</p><a href="https://www.amazon.com/dp/B07P9RWTVK?tag=eloabder-20&linkCode=osi&th=1&psc=1">View Product</a></div>





















<div class="product"><a href="https://www.amazon.com/dp/B07JXFXFDN?tag=eloabder-20&linkCode=osi&th=1&psc=1"><img src="https://m.media-amazon.com/images/I/31cedI+SL+L._SL500_.jpg" alt="Product Image"></a><p>Amazon Essentials Boys' Cotton Crew Sports Socks, 10 Pairs, White Stripe, Medium</p><p>$13.30</p><a href="https://www.amazon.com/dp/B07JXFXFDN?tag=eloabder-20&linkCode=osi&th=1&psc=1">View Product</a></div><div class="product"><a href="https://www.amazon.com/dp/B07JL9J6NW?tag=eloabder-20&linkCode=osi&th=1&psc=1"><img src="https://m.media-amazon.com/images/I/31TqyKO3LzL._SL500_.jpg" alt="Product Image"></a><p>Amazon Essentials Unisex Kids' Cotton Crew Socks, 10 Pairs, White/Grey, Large</p><p>$11.40</p><a href="https://www.amazon.com/dp/B07JL9J6NW?tag=eloabder-20&linkCode=osi&th=1&psc=1">View Product</a></div>





























<div class="product"><a href="https://www.amazon.com/dp/B00VTVE4Z6?tag=eloabder-20&linkCode=osi&th=1&psc=1"><img src="https://m.media-amazon.com/images/I/21Gp9b3ASJL._SL500_.jpg" alt="Product Image"></a><p>Fruit Of The Loom Boys Eversoft Cotton Undershirts, T Shirts & Tank Tops Underwear, T Shirt - Boys - 5 Pack - White, X-Large US</p><p>$9.99</p><a href="https://www.amazon.com/dp/B00VTVE4Z6?tag=eloabder-20&linkCode=osi&th=1&psc=1">View Product</a></div>

<div class="product"><a href="https://www.amazon.com/dp/B07T8C2FGP?tag=eloabder-20&linkCode=osi&th=1&psc=1"><img src="https://m.media-amazon.com/images/I/11REPowhbuL._SL500_.jpg" alt="Product Image"></a><p>Hanes Boys' Tank Undershirt, EcoSmart Cotton Shirt, Multiple Packs Available, White, Small</p><p>$9.00</p><a href="https://www.amazon.com/dp/B07T8C2FGP?tag=eloabder-20&linkCode=osi&th=1&psc=1">View Product</a></div><div class="product"><a href="https://www.amazon.com/dp/B07GLLY1B5?tag=eloabder-20&linkCode=osi&th=1&psc=1"><img src="https://m.media-amazon.com/images/I/21jImswBMOL._SL500_.jpg" alt="Product Image"></a><p>Fruit Of The Loom Boys Eversoft Cotton Undershirts, T Shirts & Tank Tops Underwear, Tank - Boys - 10 Pack - White, Small US</p><p>$18.99</p><a href="https://www.amazon.com/dp/B07GLLY1B5?tag=eloabder-20&linkCode=osi&th=1&psc=1">View Product</a></div>

















<div class="product"><a href="https://www.amazon.com/dp/B0CC6T1BXL?tag=eloabder-20&linkCode=osi&th=1&psc=1"><img src="https://m.media-amazon.com/images/I/51QfOhhRTAL._SL500_.jpg" alt="Product Image"></a><p>Hanes Boys' Big Performance Tween Boxer Brief Pack, X-Temp Mesh Underwear, Assorted, 6-Pack, Black/Blue/Green/Grey-6 Pack, X-Large</p><p>$16.13</p><a href="https://www.amazon.com/dp/B0CC6T1BXL?tag=eloabder-20&linkCode=osi&th=1&psc=1">View Product</a></div>
<div class="product"><a href="https://www.amazon.com/dp/B0CC6VPJ9T?tag=eloabder-20&linkCode=osi&th=1&psc=1"><img src="https://m.media-amazon.com/images/I/51QfOhhRTAL._SL500_.jpg" alt="Product Image"></a><p>Hanes Boys' Big Performance Tween Boxer Brief Pack, X-Temp Mesh Underwear, Assorted, Black/Blue/Green/Grey - 6 Pack, Small</p><p>$15.29</p><a href="https://www.amazon.com/dp/B0CC6VPJ9T?tag=eloabder-20&linkCode=osi&th=1&psc=1">View Product</a></div><div class="product"><a href="https://www.amazon.com/dp/B0BHX9MGTV?tag=eloabder-20&linkCode=osi&th=1&psc=1"><img src="https://m.media-amazon.com/images/I/41xmYCCb5TL._SL500_.jpg" alt="Product Image"></a><p>Hanes Men's Boys Boxer Briefs Pack, Cool Comfort Tagless Underwear, 7-Pack, Assorted, Large</p><p>$13.00</p><a href="https://www.amazon.com/dp/B0BHX9MGTV?tag=eloabder-20&linkCode=osi&th=1&psc=1">View Product</a></div><div class="product"><a href="https://www.amazon.com/dp/B071JVXMBW?tag=eloabder-20&linkCode=osi&th=1&psc=1"><img src="https://m.media-amazon.com/images/I/41dDO730qNL._SL500_.jpg" alt="Product Image"></a><p>Hanes Boys' and Toddler Underwear, Comfort Flex and ComfortSoft Boxer Briefs, Multiple Packs Available, Assorted-7 Pack, Large</p><p>$13.00</p><a href="https://www.amazon.com/dp/B071JVXMBW?tag=eloabder-20&linkCode=osi&th=1&psc=1">View Product</a></div>
<div class="product"><a href="https://www.amazon.com/dp/B0BHX978MW?tag=eloabder-20&linkCode=osi&th=1&psc=1"><img src="https://m.media-amazon.com/images/I/41DVOhGuwJL._SL500_.jpg" alt="Product Image"></a><p>Hanes Boys' and Toddler Underwear, Comfort Flex and ComfortSoft Boxer Briefs, Multiple Packs Available, Solids/Prints Assorted-pack of 10, Large</p><p>$18.49</p><a href="https://www.amazon.com/dp/B0BHX978MW?tag=eloabder-20&linkCode=osi&th=1&psc=1">View Product</a></div>
<div class="product"><a href="https://www.amazon.com/dp/B0BHXBJPZ6?tag=eloabder-20&linkCode=osi&th=1&psc=1"><img src="https://m.media-amazon.com/images/I/41xmYCCb5TL._SL500_.jpg" alt="Product Image"></a><p>Hanes Men's Boys Boxer Briefs Pack, Cool Comfort Tagless Underwear, 7-Pack, Assorted, Small</p><p>$13.00</p><a href="https://www.amazon.com/dp/B0BHXBJPZ6?tag=eloabder-20&linkCode=osi&th=1&psc=1">View Product</a></div><div class="product"><a href="https://www.amazon.com/dp/B07T9FYQS8?tag=eloabder-20&linkCode=osi&th=1&psc=1"><img src="https://m.media-amazon.com/images/I/41hpu+H+4BS._SL500_.jpg" alt="Product Image"></a><p>Hanes Boys' X-Temp Boxer Briefs, Moisture Wicking Breathable Underwear, Tagless, Assorted 6 Pack, Medium</p><p>$14.45</p><a href="https://www.amazon.com/dp/B07T9FYQS8?tag=eloabder-20&linkCode=osi&th=1&psc=1">View Product</a></div>
<div class="product"><a href="https://www.amazon.com/dp/B00S4GMSOI?tag=eloabder-20&linkCode=osi&th=1&psc=1"><img src="https://m.media-amazon.com/images/I/31iFPCkYcTL._SL500_.jpg" alt="Product Image"></a><p>Hanes Boys Socks, Double Tough Cushioned Crew 12-pair Packs Athletic-socks, White/Grey Bottom, Large US</p><p>$9.99</p><a href="https://www.amazon.com/dp/B00S4GMSOI?tag=eloabder-20&linkCode=osi&th=1&psc=1">View Product</a></div>



























<div class="product"><a href="https://www.amazon.com/dp/B07VWPNFMD?tag=eloabder-20&linkCode=osi&th=1&psc=1"><img src="https://m.media-amazon.com/images/I/41LJTb0eozL._SL500_.jpg" alt="Product Image"></a><p>Under Armour Youth Training Cotton Crew Socks, Multipairs , Black (6-Pairs) , Small</p><p>$17.99</p><a href="https://www.amazon.com/dp/B07VWPNFMD?tag=eloabder-20&linkCode=osi&th=1&psc=1">View Product</a></div>
<div class="product"><a href="https://www.amazon.com/dp/B00BXFGBAY?tag=eloabder-20&linkCode=osi&th=1&psc=1"><img src="https://m.media-amazon.com/images/I/31u+gpU4SqL._SL500_.jpg" alt="Product Image"></a><p>PHILIP B. Gentle Conditioning Shampoo 32 oz. (947 ml) | Light-weight Hair Moisturizer, Protecting Color, Adds Softness and Shine</p><p>$115.00 ($3.59 / Fl Oz)</p><a href="https://www.amazon.com/dp/B00BXFGBAY?tag=eloabder-20&linkCode=osi&th=1&psc=1">View Product</a></div>


<div class="product"><a href="https://www.amazon.com/dp/B07P9RWTVK?tag=eloabder-20&linkCode=osi&th=1&psc=1"><img src="https://m.media-amazon.com/images/I/51UYs9+XaEL._SL500_.jpg" alt="Product Image"></a><p>Cczmfeas Boys Toddler Dinosaur Cotton Underwear Boxer Briefs 6 Pack (6-8 Years, C- 6 Pack) Navy</p><p>$14.99</p><a href="https://www.amazon.com/dp/B07P9RWTVK?tag=eloabder-20&linkCode=osi&th=1&psc=1">View Product</a></div>





















<div class="product"><a href="https://www.amazon.com/dp/B07JXFXFDN?tag=eloabder-20&linkCode=osi&th=1&psc=1"><img src="https://m.media-amazon.com/images/I/31cedI+SL+L._SL500_.jpg" alt="Product Image"></a><p>Amazon Essentials Boys' Cotton Crew Sports Socks, 10 Pairs, White Stripe, Medium</p><p>$13.30</p><a href="https://www.amazon.com/dp/B07JXFXFDN?tag=eloabder-20&linkCode=osi&th=1&psc=1">View Product</a></div><div class="product"><a href="https://www.amazon.com/dp/B07JL9J6NW?tag=eloabder-20&linkCode=osi&th=1&psc=1"><img src="https://m.media-amazon.com/images/I/31TqyKO3LzL._SL500_.jpg" alt="Product Image"></a><p>Amazon Essentials Unisex Kids' Cotton Crew Socks, 10 Pairs, White/Grey, Large</p><p>$11.40</p><a href="https://www.amazon.com/dp/B07JL9J6NW?tag=eloabder-20&linkCode=osi&th=1&psc=1">View Product</a></div>






























<div class="product"><a href="https://www.amazon.com/dp/B00VTVE4Z6?tag=eloabder-20&linkCode=osi&th=1&psc=1"><img src="https://m.media-amazon.com/images/I/21Gp9b3ASJL._SL500_.jpg" alt="Product Image"></a><p>Fruit Of The Loom Boys Eversoft Cotton Undershirts, T Shirts & Tank Tops Underwear, T Shirt - Boys - 5 Pack - White, X-Large US</p><p>$9.99</p><a href="https://www.amazon.com/dp/B00VTVE4Z6?tag=eloabder-20&linkCode=osi&th=1&psc=1">View Product</a></div>

<div class="product"><a href="https://www.amazon.com/dp/B07T8C2FGP?tag=eloabder-20&linkCode=osi&th=1&psc=1"><img src="https://m.media-amazon.com/images/I/11REPowhbuL._SL500_.jpg" alt="Product Image"></a><p>Hanes Boys' Tank Undershirt, EcoSmart Cotton Shirt, Multiple Packs Available, White, Small</p><p>$9.00</p><a href="https://www.amazon.com/dp/B07T8C2FGP?tag=eloabder-20&linkCode=osi&th=1&psc=1">View Product</a></div><div class="product"><a href="https://www.amazon.com/dp/B07GLLY1B5?tag=eloabder-20&linkCode=osi&th=1&psc=1"><img src="https://m.media-amazon.com/images/I/21jImswBMOL._SL500_.jpg" alt="Product Image"></a><p>Fruit Of The Loom Boys Eversoft Cotton Undershirts, T Shirts & Tank Tops Underwear, Tank - Boys - 10 Pack - White, Small US</p><p>$18.99</p><a href="https://www.amazon.com/dp/B07GLLY1B5?tag=eloabder-20&linkCode=osi&th=1&psc=1">View Product</a></div>

















<div class="product"><a href="https://www.amazon.com/dp/B0CC6T1BXL?tag=eloabder-20&linkCode=osi&th=1&psc=1"><img src="https://m.media-amazon.com/images/I/51QfOhhRTAL._SL500_.jpg" alt="Product Image"></a><p>Hanes Boys' Big Performance Tween Boxer Brief Pack, X-Temp Mesh Underwear, Assorted, 6-Pack, Black/Blue/Green/Grey-6 Pack, X-Large</p><p>$16.13</p><a href="https://www.amazon.com/dp/B0CC6T1BXL?tag=eloabder-20&linkCode=osi&th=1&psc=1">View Product</a></div>
<div class="product"><a href="https://www.amazon.com/dp/B0CC6VPJ9T?tag=eloabder-20&linkCode=osi&th=1&psc=1"><img src="https://m.media-amazon.com/images/I/51QfOhhRTAL._SL500_.jpg" alt="Product Image"></a><p>Hanes Boys' Big Performance Tween Boxer Brief Pack, X-Temp Mesh Underwear, Assorted, Black/Blue/Green/Grey - 6 Pack, Small</p><p>$15.29</p><a href="https://www.amazon.com/dp/B0CC6VPJ9T?tag=eloabder-20&linkCode=osi&th=1&psc=1">View Product</a></div><div class="product"><a href="https://www.amazon.com/dp/B0BHX9MGTV?tag=eloabder-20&linkCode=osi&th=1&psc=1"><img src="https://m.media-amazon.com/images/I/41xmYCCb5TL._SL500_.jpg" alt="Product Image"></a><p>Hanes Men's Boys Boxer Briefs Pack, Cool Comfort Tagless Underwear, 7-Pack, Assorted, Large</p><p>$13.00</p><a href="https://www.amazon.com/dp/B0BHX9MGTV?tag=eloabder-20&linkCode=osi&th=1&psc=1">View Product</a></div><div class="product"><a href="https://www.amazon.com/dp/B071JVXMBW?tag=eloabder-20&linkCode=osi&th=1&psc=1"><img src="https://m.media-amazon.com/images/I/41dDO730qNL._SL500_.jpg" alt="Product Image"></a><p>Hanes Boys' and Toddler Underwear, Comfort Flex and ComfortSoft Boxer Briefs, Multiple Packs Available, Assorted-7 Pack, Large</p><p>$13.00</p><a href="https://www.amazon.com/dp/B071JVXMBW?tag=eloabder-20&linkCode=osi&th=1&psc=1">View Product</a></div>
<div class="product"><a href="https://www.amazon.com/dp/B0BHX978MW?tag=eloabder-20&linkCode=osi&th=1&psc=1"><img src="https://m.media-amazon.com/images/I/41DVOhGuwJL._SL500_.jpg" alt="Product Image"></a><p>Hanes Boys' and Toddler Underwear, Comfort Flex and ComfortSoft Boxer Briefs, Multiple Packs Available, Solids/Prints Assorted-pack of 10, Large</p><p>$18.49</p><a href="https://www.amazon.com/dp/B0BHX978MW?tag=eloabder-20&linkCode=osi&th=1&psc=1">View Product</a></div>
<div class="product"><a href="https://www.amazon.com/dp/B0BHXBJPZ6?tag=eloabder-20&linkCode=osi&th=1&psc=1"><img src="https://m.media-amazon.com/images/I/41xmYCCb5TL._SL500_.jpg" alt="Product Image"></a><p>Hanes Men's Boys Boxer Briefs Pack, Cool Comfort Tagless Underwear, 7-Pack, Assorted, Small</p><p>$13.00</p><a href="https://www.amazon.com/dp/B0BHXBJPZ6?tag=eloabder-20&linkCode=osi&th=1&psc=1">View Product</a></div><div class="product"><a href="https://www.amazon.com/dp/B07T9FYQS8?tag=eloabder-20&linkCode=osi&th=1&psc=1"><img src="https://m.media-amazon.com/images/I/41hpu+H+4BS._SL500_.jpg" alt="Product Image"></a><p>Hanes Boys' X-Temp Boxer Briefs, Moisture Wicking Breathable Underwear, Tagless, Assorted 6 Pack, Medium</p><p>$14.45</p><a href="https://www.amazon.com/dp/B07T9FYQS8?tag=eloabder-20&linkCode=osi&th=1&psc=1">View Product</a></div>
<div class="product"><a href="https://www.amazon.com/dp/B00S4GMSOI?tag=eloabder-20&linkCode=osi&th=1&psc=1"><img src="https://m.media-amazon.com/images/I/31iFPCkYcTL._SL500_.jpg" alt="Product Image"></a><p>Hanes Boys Socks, Double Tough Cushioned Crew 12-pair Packs Athletic-socks, White/Grey Bottom, Large US</p><p>$9.99</p><a href="https://www.amazon.com/dp/B00S4GMSOI?tag=eloabder-20&linkCode=osi&th=1&psc=1">View Product</a></div>



























<div class="product"><a href="https://www.amazon.com/dp/B07VWPNFMD?tag=eloabder-20&linkCode=osi&th=1&psc=1"><img src="https://m.media-amazon.com/images/I/41LJTb0eozL._SL500_.jpg" alt="Product Image"></a><p>Under Armour Youth Training Cotton Crew Socks, Multipairs , Black (6-Pairs) , Small</p><p>$17.99</p><a href="https://www.amazon.com/dp/B07VWPNFMD?tag=eloabder-20&linkCode=osi&th=1&psc=1">View Product</a></div>
<div class="product"><a href="https://www.amazon.com/dp/B00BXFGBAY?tag=eloabder-20&linkCode=osi&th=1&psc=1"><img src="https://m.media-amazon.com/images/I/31u+gpU4SqL._SL500_.jpg" alt="Product Image"></a><p>PHILIP B. Gentle Conditioning Shampoo 32 oz. (947 ml) | Light-weight Hair Moisturizer, Protecting Color, Adds Softness and Shine</p><p>$115.00 ($3.59 / Fl Oz)</p><a href="https://www.amazon.com/dp/B00BXFGBAY?tag=eloabder-20&linkCode=osi&th=1&psc=1">View Product</a></div>


<div class="product"><a href="https://www.amazon.com/dp/B07P9RWTVK?tag=eloabder-20&linkCode=osi&th=1&psc=1"><img src="https://m.media-amazon.com/images/I/51UYs9+XaEL._SL500_.jpg" alt="Product Image"></a><p>Cczmfeas Boys Toddler Dinosaur Cotton Underwear Boxer Briefs 6 Pack (6-8 Years, C- 6 Pack) Navy</p><p>$14.99</p><a href="https://www.amazon.com/dp/B07P9RWTVK?tag=eloabder-20&linkCode=osi&th=1&psc=1">View Product</a></div>





















<div class="product"><a href="https://www.amazon.com/dp/B07JXFXFDN?tag=eloabder-20&linkCode=osi&th=1&psc=1"><img src="https://m.media-amazon.com/images/I/31cedI+SL+L._SL500_.jpg" alt="Product Image"></a><p>Amazon Essentials Boys' Cotton Crew Sports Socks, 10 Pairs, White Stripe, Medium</p><p>$13.30</p><a href="https://www.amazon.com/dp/B07JXFXFDN?tag=eloabder-20&linkCode=osi&th=1&psc=1">View Product</a></div><div class="product"><a href="https://www.amazon.com/dp/B07JL9J6NW?tag=eloabder-20&linkCode=osi&th=1&psc=1"><img src="https://m.media-amazon.com/images/I/31TqyKO3LzL._SL500_.jpg" alt="Product Image"></a><p>Amazon Essentials Unisex Kids' Cotton Crew Socks, 10 Pairs, White/Grey, Large</p><p>$11.40</p><a href="https://www.amazon.com/dp/B07JL9J6NW?tag=eloabder-20&linkCode=osi&th=1&psc=1">View Product</a></div>































<div class="product"><a href="https://www.amazon.com/dp/B00VTVE4Z6?tag=eloabder-20&linkCode=osi&th=1&psc=1"><img src="https://m.media-amazon.com/images/I/21Gp9b3ASJL._SL500_.jpg" alt="Product Image"></a><p>Fruit Of The Loom Boys Eversoft Cotton Undershirts, T Shirts & Tank Tops Underwear, T Shirt - Boys - 5 Pack - White, X-Large US</p><p>$9.99</p><a href="https://www.amazon.com/dp/B00VTVE4Z6?tag=eloabder-20&linkCode=osi&th=1&psc=1">View Product</a></div>

<div class="product"><a href="https://www.amazon.com/dp/B07T8C2FGP?tag=eloabder-20&linkCode=osi&th=1&psc=1"><img src="https://m.media-amazon.com/images/I/11REPowhbuL._SL500_.jpg" alt="Product Image"></a><p>Hanes Boys' Tank Undershirt, EcoSmart Cotton Shirt, Multiple Packs Available, White, Small</p><p>$9.00</p><a href="https://www.amazon.com/dp/B07T8C2FGP?tag=eloabder-20&linkCode=osi&th=1&psc=1">View Product</a></div><div class="product"><a href="https://www.amazon.com/dp/B07GLLY1B5?tag=eloabder-20&linkCode=osi&th=1&psc=1"><img src="https://m.media-amazon.com/images/I/21jImswBMOL._SL500_.jpg" alt="Product Image"></a><p>Fruit Of The Loom Boys Eversoft Cotton Undershirts, T Shirts & Tank Tops Underwear, Tank - Boys - 10 Pack - White, Small US</p><p>$18.99</p><a href="https://www.amazon.com/dp/B07GLLY1B5?tag=eloabder-20&linkCode=osi&th=1&psc=1">View Product</a></div>

















<div class="product"><a href="https://www.amazon.com/dp/B0CC6T1BXL?tag=eloabder-20&linkCode=osi&th=1&psc=1"><img src="https://m.media-amazon.com/images/I/51QfOhhRTAL._SL500_.jpg" alt="Product Image"></a><p>Hanes Boys' Big Performance Tween Boxer Brief Pack, X-Temp Mesh Underwear, Assorted, 6-Pack, Black/Blue/Green/Grey-6 Pack, X-Large</p><p>$16.13</p><a href="https://www.amazon.com/dp/B0CC6T1BXL?tag=eloabder-20&linkCode=osi&th=1&psc=1">View Product</a></div>
<div class="product"><a href="https://www.amazon.com/dp/B0CC6VPJ9T?tag=eloabder-20&linkCode=osi&th=1&psc=1"><img src="https://m.media-amazon.com/images/I/51QfOhhRTAL._SL500_.jpg" alt="Product Image"></a><p>Hanes Boys' Big Performance Tween Boxer Brief Pack, X-Temp Mesh Underwear, Assorted, Black/Blue/Green/Grey - 6 Pack, Small</p><p>$15.29</p><a href="https://www.amazon.com/dp/B0CC6VPJ9T?tag=eloabder-20&linkCode=osi&th=1&psc=1">View Product</a></div><div class="product"><a href="https://www.amazon.com/dp/B0BHX9MGTV?tag=eloabder-20&linkCode=osi&th=1&psc=1"><img src="https://m.media-amazon.com/images/I/41xmYCCb5TL._SL500_.jpg" alt="Product Image"></a><p>Hanes Men's Boys Boxer Briefs Pack, Cool Comfort Tagless Underwear, 7-Pack, Assorted, Large</p><p>$13.00</p><a href="https://www.amazon.com/dp/B0BHX9MGTV?tag=eloabder-20&linkCode=osi&th=1&psc=1">View Product</a></div><div class="product"><a href="https://www.amazon.com/dp/B071JVXMBW?tag=eloabder-20&linkCode=osi&th=1&psc=1"><img src="https://m.media-amazon.com/images/I/41dDO730qNL._SL500_.jpg" alt="Product Image"></a><p>Hanes Boys' and Toddler Underwear, Comfort Flex and ComfortSoft Boxer Briefs, Multiple Packs Available, Assorted-7 Pack, Large</p><p>$13.00</p><a href="https://www.amazon.com/dp/B071JVXMBW?tag=eloabder-20&linkCode=osi&th=1&psc=1">View Product</a></div>
<div class="product"><a href="https://www.amazon.com/dp/B0BHX978MW?tag=eloabder-20&linkCode=osi&th=1&psc=1"><img src="https://m.media-amazon.com/images/I/41DVOhGuwJL._SL500_.jpg" alt="Product Image"></a><p>Hanes Boys' and Toddler Underwear, Comfort Flex and ComfortSoft Boxer Briefs, Multiple Packs Available, Solids/Prints Assorted-pack of 10, Large</p><p>$18.49</p><a href="https://www.amazon.com/dp/B0BHX978MW?tag=eloabder-20&linkCode=osi&th=1&psc=1">View Product</a></div>
<div class="product"><a href="https://www.amazon.com/dp/B0BHXBJPZ6?tag=eloabder-20&linkCode=osi&th=1&psc=1"><img src="https://m.media-amazon.com/images/I/41xmYCCb5TL._SL500_.jpg" alt="Product Image"></a><p>Hanes Men's Boys Boxer Briefs Pack, Cool Comfort Tagless Underwear, 7-Pack, Assorted, Small</p><p>$13.00</p><a href="https://www.amazon.com/dp/B0BHXBJPZ6?tag=eloabder-20&linkCode=osi&th=1&psc=1">View Product</a></div><div class="product"><a href="https://www.amazon.com/dp/B07T9FYQS8?tag=eloabder-20&linkCode=osi&th=1&psc=1"><img src="https://m.media-amazon.com/images/I/41hpu+H+4BS._SL500_.jpg" alt="Product Image"></a><p>Hanes Boys' X-Temp Boxer Briefs, Moisture Wicking Breathable Underwear, Tagless, Assorted 6 Pack, Medium</p><p>$14.45</p><a href="https://www.amazon.com/dp/B07T9FYQS8?tag=eloabder-20&linkCode=osi&th=1&psc=1">View Product</a></div>
<div class="product"><a href="https://www.amazon.com/dp/B00S4GMSOI?tag=eloabder-20&linkCode=osi&th=1&psc=1"><img src="https://m.media-amazon.com/images/I/31iFPCkYcTL._SL500_.jpg" alt="Product Image"></a><p>Hanes Boys Socks, Double Tough Cushioned Crew 12-pair Packs Athletic-socks, White/Grey Bottom, Large US</p><p>$9.99</p><a href="https://www.amazon.com/dp/B00S4GMSOI?tag=eloabder-20&linkCode=osi&th=1&psc=1">View Product</a></div>



























<div class="product"><a href="https://www.amazon.com/dp/B07VWPNFMD?tag=eloabder-20&linkCode=osi&th=1&psc=1"><img src="https://m.media-amazon.com/images/I/41LJTb0eozL._SL500_.jpg" alt="Product Image"></a><p>Under Armour Youth Training Cotton Crew Socks, Multipairs , Black (6-Pairs) , Small</p><p>$17.99</p><a href="https://www.amazon.com/dp/B07VWPNFMD?tag=eloabder-20&linkCode=osi&th=1&psc=1">View Product</a></div>
<div class="product"><a href="https://www.amazon.com/dp/B00BXFGBAY?tag=eloabder-20&linkCode=osi&th=1&psc=1"><img src="https://m.media-amazon.com/images/I/31u+gpU4SqL._SL500_.jpg" alt="Product Image"></a><p>PHILIP B. Gentle Conditioning Shampoo 32 oz. (947 ml) | Light-weight Hair Moisturizer, Protecting Color, Adds Softness and Shine</p><p>$115.00 ($3.59 / Fl Oz)</p><a href="https://www.amazon.com/dp/B00BXFGBAY?tag=eloabder-20&linkCode=osi&th=1&psc=1">View Product</a></div>


<div class="product"><a href="https://www.amazon.com/dp/B07P9RWTVK?tag=eloabder-20&linkCode=osi&th=1&psc=1"><img src="https://m.media-amazon.com/images/I/51UYs9+XaEL._SL500_.jpg" alt="Product Image"></a><p>Cczmfeas Boys Toddler Dinosaur Cotton Underwear Boxer Briefs 6 Pack (6-8 Years, C- 6 Pack) Navy</p><p>$14.99</p><a href="https://www.amazon.com/dp/B07P9RWTVK?tag=eloabder-20&linkCode=osi&th=1&psc=1">View Product</a></div>





















<div class="product"><a href="https://www.amazon.com/dp/B07JXFXFDN?tag=eloabder-20&linkCode=osi&th=1&psc=1"><img src="https://m.media-amazon.com/images/I/31cedI+SL+L._SL500_.jpg" alt="Product Image"></a><p>Amazon Essentials Boys' Cotton Crew Sports Socks, 10 Pairs, White Stripe, Medium</p><p>$13.30</p><a href="https://www.amazon.com/dp/B07JXFXFDN?tag=eloabder-20&linkCode=osi&th=1&psc=1">View Product</a></div><div class="product"><a href="https://www.amazon.com/dp/B07JL9J6NW?tag=eloabder-20&linkCode=osi&th=1&psc=1"><img src="https://m.media-amazon.com/images/I/31TqyKO3LzL._SL500_.jpg" alt="Product Image"></a><p>Amazon Essentials Unisex Kids' Cotton Crew Socks, 10 Pairs, White/Grey, Large</p><p>$11.40</p><a href="https://www.amazon.com/dp/B07JL9J6NW?tag=eloabder-20&linkCode=osi&th=1&psc=1">View Product</a></div>
































<div class="product"><a href="https://www.amazon.com/dp/B00VTVE4Z6?tag=eloabder-20&linkCode=osi&th=1&psc=1"><img src="https://m.media-amazon.com/images/I/21Gp9b3ASJL._SL500_.jpg" alt="Product Image"></a><p>Fruit Of The Loom Boys Eversoft Cotton Undershirts, T Shirts & Tank Tops Underwear, T Shirt - Boys - 5 Pack - White, X-Large US</p><p>$9.99</p><a href="https://www.amazon.com/dp/B00VTVE4Z6?tag=eloabder-20&linkCode=osi&th=1&psc=1">View Product</a></div>

<div class="product"><a href="https://www.amazon.com/dp/B07T8C2FGP?tag=eloabder-20&linkCode=osi&th=1&psc=1"><img src="https://m.media-amazon.com/images/I/11REPowhbuL._SL500_.jpg" alt="Product Image"></a><p>Hanes Boys' Tank Undershirt, EcoSmart Cotton Shirt, Multiple Packs Available, White, Small</p><p>$9.00</p><a href="https://www.amazon.com/dp/B07T8C2FGP?tag=eloabder-20&linkCode=osi&th=1&psc=1">View Product</a></div><div class="product"><a href="https://www.amazon.com/dp/B07GLLY1B5?tag=eloabder-20&linkCode=osi&th=1&psc=1"><img src="https://m.media-amazon.com/images/I/21jImswBMOL._SL500_.jpg" alt="Product Image"></a><p>Fruit Of The Loom Boys Eversoft Cotton Undershirts, T Shirts & Tank Tops Underwear, Tank - Boys - 10 Pack - White, Small US</p><p>$18.99</p><a href="https://www.amazon.com/dp/B07GLLY1B5?tag=eloabder-20&linkCode=osi&th=1&psc=1">View Product</a></div>

















<div class="product"><a href="https://www.amazon.com/dp/B0CC6T1BXL?tag=eloabder-20&linkCode=osi&th=1&psc=1"><img src="https://m.media-amazon.com/images/I/51QfOhhRTAL._SL500_.jpg" alt="Product Image"></a><p>Hanes Boys' Big Performance Tween Boxer Brief Pack, X-Temp Mesh Underwear, Assorted, 6-Pack, Black/Blue/Green/Grey-6 Pack, X-Large</p><p>$16.13</p><a href="https://www.amazon.com/dp/B0CC6T1BXL?tag=eloabder-20&linkCode=osi&th=1&psc=1">View Product</a></div>
<div class="product"><a href="https://www.amazon.com/dp/B0CC6VPJ9T?tag=eloabder-20&linkCode=osi&th=1&psc=1"><img src="https://m.media-amazon.com/images/I/51QfOhhRTAL._SL500_.jpg" alt="Product Image"></a><p>Hanes Boys' Big Performance Tween Boxer Brief Pack, X-Temp Mesh Underwear, Assorted, Black/Blue/Green/Grey - 6 Pack, Small</p><p>$15.29</p><a href="https://www.amazon.com/dp/B0CC6VPJ9T?tag=eloabder-20&linkCode=osi&th=1&psc=1">View Product</a></div><div class="product"><a href="https://www.amazon.com/dp/B0BHX9MGTV?tag=eloabder-20&linkCode=osi&th=1&psc=1"><img src="https://m.media-amazon.com/images/I/41xmYCCb5TL._SL500_.jpg" alt="Product Image"></a><p>Hanes Men's Boys Boxer Briefs Pack, Cool Comfort Tagless Underwear, 7-Pack, Assorted, Large</p><p>$13.00</p><a href="https://www.amazon.com/dp/B0BHX9MGTV?tag=eloabder-20&linkCode=osi&th=1&psc=1">View Product</a></div><div class="product"><a href="https://www.amazon.com/dp/B071JVXMBW?tag=eloabder-20&linkCode=osi&th=1&psc=1"><img src="https://m.media-amazon.com/images/I/41dDO730qNL._SL500_.jpg" alt="Product Image"></a><p>Hanes Boys' and Toddler Underwear, Comfort Flex and ComfortSoft Boxer Briefs, Multiple Packs Available, Assorted-7 Pack, Large</p><p>$13.00</p><a href="https://www.amazon.com/dp/B071JVXMBW?tag=eloabder-20&linkCode=osi&th=1&psc=1">View Product</a></div>
<div class="product"><a href="https://www.amazon.com/dp/B0BHX978MW?tag=eloabder-20&linkCode=osi&th=1&psc=1"><img src="https://m.media-amazon.com/images/I/41DVOhGuwJL._SL500_.jpg" alt="Product Image"></a><p>Hanes Boys' and Toddler Underwear, Comfort Flex and ComfortSoft Boxer Briefs, Multiple Packs Available, Solids/Prints Assorted-pack of 10, Large</p><p>$18.49</p><a href="https://www.amazon.com/dp/B0BHX978MW?tag=eloabder-20&linkCode=osi&th=1&psc=1">View Product</a></div>
<div class="product"><a href="https://www.amazon.com/dp/B0BHXBJPZ6?tag=eloabder-20&linkCode=osi&th=1&psc=1"><img src="https://m.media-amazon.com/images/I/41xmYCCb5TL._SL500_.jpg" alt="Product Image"></a><p>Hanes Men's Boys Boxer Briefs Pack, Cool Comfort Tagless Underwear, 7-Pack, Assorted, Small</p><p>$13.00</p><a href="https://www.amazon.com/dp/B0BHXBJPZ6?tag=eloabder-20&linkCode=osi&th=1&psc=1">View Product</a></div><div class="product"><a href="https://www.amazon.com/dp/B07T9FYQS8?tag=eloabder-20&linkCode=osi&th=1&psc=1"><img src="https://m.media-amazon.com/images/I/41hpu+H+4BS._SL500_.jpg" alt="Product Image"></a><p>Hanes Boys' X-Temp Boxer Briefs, Moisture Wicking Breathable Underwear, Tagless, Assorted 6 Pack, Medium</p><p>$14.45</p><a href="https://www.amazon.com/dp/B07T9FYQS8?tag=eloabder-20&linkCode=osi&th=1&psc=1">View Product</a></div>
<div class="product"><a href="https://www.amazon.com/dp/B00S4GMSOI?tag=eloabder-20&linkCode=osi&th=1&psc=1"><img src="https://m.media-amazon.com/images/I/31iFPCkYcTL._SL500_.jpg" alt="Product Image"></a><p>Hanes Boys Socks, Double Tough Cushioned Crew 12-pair Packs Athletic-socks, White/Grey Bottom, Large US</p><p>$9.99</p><a href="https://www.amazon.com/dp/B00S4GMSOI?tag=eloabder-20&linkCode=osi&th=1&psc=1">View Product</a></div>



























<div class="product"><a href="https://www.amazon.com/dp/B07VWPNFMD?tag=eloabder-20&linkCode=osi&th=1&psc=1"><img src="https://m.media-amazon.com/images/I/41LJTb0eozL._SL500_.jpg" alt="Product Image"></a><p>Under Armour Youth Training Cotton Crew Socks, Multipairs , Black (6-Pairs) , Small</p><p>$17.99</p><a href="https://www.amazon.com/dp/B07VWPNFMD?tag=eloabder-20&linkCode=osi&th=1&psc=1">View Product</a></div>
<div class="product"><a href="https://www.amazon.com/dp/B00BXFGBAY?tag=eloabder-20&linkCode=osi&th=1&psc=1"><img src="https://m.media-amazon.com/images/I/31u+gpU4SqL._SL500_.jpg" alt="Product Image"></a><p>PHILIP B. Gentle Conditioning Shampoo 32 oz. (947 ml) | Light-weight Hair Moisturizer, Protecting Color, Adds Softness and Shine</p><p>$115.00 ($3.59 / Fl Oz)</p><a href="https://www.amazon.com/dp/B00BXFGBAY?tag=eloabder-20&linkCode=osi&th=1&psc=1">View Product</a></div>


<div class="product"><a href="https://www.amazon.com/dp/B07P9RWTVK?tag=eloabder-20&linkCode=osi&th=1&psc=1"><img src="https://m.media-amazon.com/images/I/51UYs9+XaEL._SL500_.jpg" alt="Product Image"></a><p>Cczmfeas Boys Toddler Dinosaur Cotton Underwear Boxer Briefs 6 Pack (6-8 Years, C- 6 Pack) Navy</p><p>$14.99</p><a href="https://www.amazon.com/dp/B07P9RWTVK?tag=eloabder-20&linkCode=osi&th=1&psc=1">View Product</a></div>





















<div class="product"><a href="https://www.amazon.com/dp/B07JXFXFDN?tag=eloabder-20&linkCode=osi&th=1&psc=1"><img src="https://m.media-amazon.com/images/I/31cedI+SL+L._SL500_.jpg" alt="Product Image"></a><p>Amazon Essentials Boys' Cotton Crew Sports Socks, 10 Pairs, White Stripe, Medium</p><p>$13.30</p><a href="https://www.amazon.com/dp/B07JXFXFDN?tag=eloabder-20&linkCode=osi&th=1&psc=1">View Product</a></div><div class="product"><a href="https://www.amazon.com/dp/B07JL9J6NW?tag=eloabder-20&linkCode=osi&th=1&psc=1"><img src="https://m.media-amazon.com/images/I/31TqyKO3LzL._SL500_.jpg" alt="Product Image"></a><p>Amazon Essentials Unisex Kids' Cotton Crew Socks, 10 Pairs, White/Grey, Large</p><p>$11.40</p><a href="https://www.amazon.com/dp/B07JL9J6NW?tag=eloabder-20&linkCode=osi&th=1&psc=1">View Product</a></div>

































<div class="product"><a href="https://www.amazon.com/dp/B00VTVE4Z6?tag=eloabder-20&linkCode=osi&th=1&psc=1"><img src="https://m.media-amazon.com/images/I/21Gp9b3ASJL._SL500_.jpg" alt="Product Image"></a><p>Fruit Of The Loom Boys Eversoft Cotton Undershirts, T Shirts & Tank Tops Underwear, T Shirt - Boys - 5 Pack - White, X-Large US</p><p>$9.99</p><a href="https://www.amazon.com/dp/B00VTVE4Z6?tag=eloabder-20&linkCode=osi&th=1&psc=1">View Product</a></div>

<div class="product"><a href="https://www.amazon.com/dp/B07T8C2FGP?tag=eloabder-20&linkCode=osi&th=1&psc=1"><img src="https://m.media-amazon.com/images/I/11REPowhbuL._SL500_.jpg" alt="Product Image"></a><p>Hanes Boys' Tank Undershirt, EcoSmart Cotton Shirt, Multiple Packs Available, White, Small</p><p>$9.00</p><a href="https://www.amazon.com/dp/B07T8C2FGP?tag=eloabder-20&linkCode=osi&th=1&psc=1">View Product</a></div><div class="product"><a href="https://www.amazon.com/dp/B07GLLY1B5?tag=eloabder-20&linkCode=osi&th=1&psc=1"><img src="https://m.media-amazon.com/images/I/21jImswBMOL._SL500_.jpg" alt="Product Image"></a><p>Fruit Of The Loom Boys Eversoft Cotton Undershirts, T Shirts & Tank Tops Underwear, Tank - Boys - 10 Pack - White, Small US</p><p>$18.99</p><a href="https://www.amazon.com/dp/B07GLLY1B5?tag=eloabder-20&linkCode=osi&th=1&psc=1">View Product</a></div>

















<div class="product"><a href="https://www.amazon.com/dp/B0CC6T1BXL?tag=eloabder-20&linkCode=osi&th=1&psc=1"><img src="https://m.media-amazon.com/images/I/51QfOhhRTAL._SL500_.jpg" alt="Product Image"></a><p>Hanes Boys' Big Performance Tween Boxer Brief Pack, X-Temp Mesh Underwear, Assorted, 6-Pack, Black/Blue/Green/Grey-6 Pack, X-Large</p><p>$16.13</p><a href="https://www.amazon.com/dp/B0CC6T1BXL?tag=eloabder-20&linkCode=osi&th=1&psc=1">View Product</a></div>
<div class="product"><a href="https://www.amazon.com/dp/B0CC6VPJ9T?tag=eloabder-20&linkCode=osi&th=1&psc=1"><img src="https://m.media-amazon.com/images/I/51QfOhhRTAL._SL500_.jpg" alt="Product Image"></a><p>Hanes Boys' Big Performance Tween Boxer Brief Pack, X-Temp Mesh Underwear, Assorted, Black/Blue/Green/Grey - 6 Pack, Small</p><p>$15.29</p><a href="https://www.amazon.com/dp/B0CC6VPJ9T?tag=eloabder-20&linkCode=osi&th=1&psc=1">View Product</a></div><div class="product"><a href="https://www.amazon.com/dp/B0BHX9MGTV?tag=eloabder-20&linkCode=osi&th=1&psc=1"><img src="https://m.media-amazon.com/images/I/41xmYCCb5TL._SL500_.jpg" alt="Product Image"></a><p>Hanes Men's Boys Boxer Briefs Pack, Cool Comfort Tagless Underwear, 7-Pack, Assorted, Large</p><p>$13.00</p><a href="https://www.amazon.com/dp/B0BHX9MGTV?tag=eloabder-20&linkCode=osi&th=1&psc=1">View Product</a></div><div class="product"><a href="https://www.amazon.com/dp/B071JVXMBW?tag=eloabder-20&linkCode=osi&th=1&psc=1"><img src="https://m.media-amazon.com/images/I/41dDO730qNL._SL500_.jpg" alt="Product Image"></a><p>Hanes Boys' and Toddler Underwear, Comfort Flex and ComfortSoft Boxer Briefs, Multiple Packs Available, Assorted-7 Pack, Large</p><p>$13.00</p><a href="https://www.amazon.com/dp/B071JVXMBW?tag=eloabder-20&linkCode=osi&th=1&psc=1">View Product</a></div>
<div class="product"><a href="https://www.amazon.com/dp/B0BHX978MW?tag=eloabder-20&linkCode=osi&th=1&psc=1"><img src="https://m.media-amazon.com/images/I/41DVOhGuwJL._SL500_.jpg" alt="Product Image"></a><p>Hanes Boys' and Toddler Underwear, Comfort Flex and ComfortSoft Boxer Briefs, Multiple Packs Available, Solids/Prints Assorted-pack of 10, Large</p><p>$18.49</p><a href="https://www.amazon.com/dp/B0BHX978MW?tag=eloabder-20&linkCode=osi&th=1&psc=1">View Product</a></div>
<div class="product"><a href="https://www.amazon.com/dp/B0BHXBJPZ6?tag=eloabder-20&linkCode=osi&th=1&psc=1"><img src="https://m.media-amazon.com/images/I/41xmYCCb5TL._SL500_.jpg" alt="Product Image"></a><p>Hanes Men's Boys Boxer Briefs Pack, Cool Comfort Tagless Underwear, 7-Pack, Assorted, Small</p><p>$13.00</p><a href="https://www.amazon.com/dp/B0BHXBJPZ6?tag=eloabder-20&linkCode=osi&th=1&psc=1">View Product</a></div><div class="product"><a href="https://www.amazon.com/dp/B07T9FYQS8?tag=eloabder-20&linkCode=osi&th=1&psc=1"><img src="https://m.media-amazon.com/images/I/41hpu+H+4BS._SL500_.jpg" alt="Product Image"></a><p>Hanes Boys' X-Temp Boxer Briefs, Moisture Wicking Breathable Underwear, Tagless, Assorted 6 Pack, Medium</p><p>$14.45</p><a href="https://www.amazon.com/dp/B07T9FYQS8?tag=eloabder-20&linkCode=osi&th=1&psc=1">View Product</a></div>
<div class="product"><a href="https://www.amazon.com/dp/B00S4GMSOI?tag=eloabder-20&linkCode=osi&th=1&psc=1"><img src="https://m.media-amazon.com/images/I/31iFPCkYcTL._SL500_.jpg" alt="Product Image"></a><p>Hanes Boys Socks, Double Tough Cushioned Crew 12-pair Packs Athletic-socks, White/Grey Bottom, Large US</p><p>$9.99</p><a href="https://www.amazon.com/dp/B00S4GMSOI?tag=eloabder-20&linkCode=osi&th=1&psc=1">View Product</a></div>



























<div class="product"><a href="https://www.amazon.com/dp/B07VWPNFMD?tag=eloabder-20&linkCode=osi&th=1&psc=1"><img src="https://m.media-amazon.com/images/I/41LJTb0eozL._SL500_.jpg" alt="Product Image"></a><p>Under Armour Youth Training Cotton Crew Socks, Multipairs , Black (6-Pairs) , Small</p><p>$17.99</p><a href="https://www.amazon.com/dp/B07VWPNFMD?tag=eloabder-20&linkCode=osi&th=1&psc=1">View Product</a></div>
<div class="product"><a href="https://www.amazon.com/dp/B00BXFGBAY?tag=eloabder-20&linkCode=osi&th=1&psc=1"><img src="https://m.media-amazon.com/images/I/31u+gpU4SqL._SL500_.jpg" alt="Product Image"></a><p>PHILIP B. Gentle Conditioning Shampoo 32 oz. (947 ml) | Light-weight Hair Moisturizer, Protecting Color, Adds Softness and Shine</p><p>$115.00 ($3.59 / Fl Oz)</p><a href="https://www.amazon.com/dp/B00BXFGBAY?tag=eloabder-20&linkCode=osi&th=1&psc=1">View Product</a></div>


<div class="product"><a href="https://www.amazon.com/dp/B07P9RWTVK?tag=eloabder-20&linkCode=osi&th=1&psc=1"><img src="https://m.media-amazon.com/images/I/51UYs9+XaEL._SL500_.jpg" alt="Product Image"></a><p>Cczmfeas Boys Toddler Dinosaur Cotton Underwear Boxer Briefs 6 Pack (6-8 Years, C- 6 Pack) Navy</p><p>$14.99</p><a href="https://www.amazon.com/dp/B07P9RWTVK?tag=eloabder-20&linkCode=osi&th=1&psc=1">View Product</a></div>





















<div class="product"><a href="https://www.amazon.com/dp/B07JXFXFDN?tag=eloabder-20&linkCode=osi&th=1&psc=1"><img src="https://m.media-amazon.com/images/I/31cedI+SL+L._SL500_.jpg" alt="Product Image"></a><p>Amazon Essentials Boys' Cotton Crew Sports Socks, 10 Pairs, White Stripe, Medium</p><p>$13.30</p><a href="https://www.amazon.com/dp/B07JXFXFDN?tag=eloabder-20&linkCode=osi&th=1&psc=1">View Product</a></div><div class="product"><a href="https://www.amazon.com/dp/B07JL9J6NW?tag=eloabder-20&linkCode=osi&th=1&psc=1"><img src="https://m.media-amazon.com/images/I/31TqyKO3LzL._SL500_.jpg" alt="Product Image"></a><p>Amazon Essentials Unisex Kids' Cotton Crew Socks, 10 Pairs, White/Grey, Large</p><p>$11.40</p><a href="https://www.amazon.com/dp/B07JL9J6NW?tag=eloabder-20&linkCode=osi&th=1&psc=1">View Product</a></div>


































<div class="product"><a href="https://www.amazon.com/dp/B00VTVE4Z6?tag=eloabder-20&linkCode=osi&th=1&psc=1"><img src="https://m.media-amazon.com/images/I/21Gp9b3ASJL._SL500_.jpg" alt="Product Image"></a><p>Fruit Of The Loom Boys Eversoft Cotton Undershirts, T Shirts & Tank Tops Underwear, T Shirt - Boys - 5 Pack - White, X-Large US</p><p>$9.99</p><a href="https://www.amazon.com/dp/B00VTVE4Z6?tag=eloabder-20&linkCode=osi&th=1&psc=1">View Product</a></div>

<div class="product"><a href="https://www.amazon.com/dp/B07T8C2FGP?tag=eloabder-20&linkCode=osi&th=1&psc=1"><img src="https://m.media-amazon.com/images/I/11REPowhbuL._SL500_.jpg" alt="Product Image"></a><p>Hanes Boys' Tank Undershirt, EcoSmart Cotton Shirt, Multiple Packs Available, White, Small</p><p>$9.00</p><a href="https://www.amazon.com/dp/B07T8C2FGP?tag=eloabder-20&linkCode=osi&th=1&psc=1">View Product</a></div><div class="product"><a href="https://www.amazon.com/dp/B07GLLY1B5?tag=eloabder-20&linkCode=osi&th=1&psc=1"><img src="https://m.media-amazon.com/images/I/21jImswBMOL._SL500_.jpg" alt="Product Image"></a><p>Fruit Of The Loom Boys Eversoft Cotton Undershirts, T Shirts & Tank Tops Underwear, Tank - Boys - 10 Pack - White, Small US</p><p>$18.99</p><a href="https://www.amazon.com/dp/B07GLLY1B5?tag=eloabder-20&linkCode=osi&th=1&psc=1">View Product</a></div>

















<div class="product"><a href="https://www.amazon.com/dp/B0CC6T1BXL?tag=eloabder-20&linkCode=osi&th=1&psc=1"><img src="https://m.media-amazon.com/images/I/51QfOhhRTAL._SL500_.jpg" alt="Product Image"></a><p>Hanes Boys' Big Performance Tween Boxer Brief Pack, X-Temp Mesh Underwear, Assorted, 6-Pack, Black/Blue/Green/Grey-6 Pack, X-Large</p><p>$16.13</p><a href="https://www.amazon.com/dp/B0CC6T1BXL?tag=eloabder-20&linkCode=osi&th=1&psc=1">View Product</a></div>
<div class="product"><a href="https://www.amazon.com/dp/B0CC6VPJ9T?tag=eloabder-20&linkCode=osi&th=1&psc=1"><img src="https://m.media-amazon.com/images/I/51QfOhhRTAL._SL500_.jpg" alt="Product Image"></a><p>Hanes Boys' Big Performance Tween Boxer Brief Pack, X-Temp Mesh Underwear, Assorted, Black/Blue/Green/Grey - 6 Pack, Small</p><p>$15.29</p><a href="https://www.amazon.com/dp/B0CC6VPJ9T?tag=eloabder-20&linkCode=osi&th=1&psc=1">View Product</a></div><div class="product"><a href="https://www.amazon.com/dp/B0BHX9MGTV?tag=eloabder-20&linkCode=osi&th=1&psc=1"><img src="https://m.media-amazon.com/images/I/41xmYCCb5TL._SL500_.jpg" alt="Product Image"></a><p>Hanes Men's Boys Boxer Briefs Pack, Cool Comfort Tagless Underwear, 7-Pack, Assorted, Large</p><p>$13.00</p><a href="https://www.amazon.com/dp/B0BHX9MGTV?tag=eloabder-20&linkCode=osi&th=1&psc=1">View Product</a></div><div class="product"><a href="https://www.amazon.com/dp/B071JVXMBW?tag=eloabder-20&linkCode=osi&th=1&psc=1"><img src="https://m.media-amazon.com/images/I/41dDO730qNL._SL500_.jpg" alt="Product Image"></a><p>Hanes Boys' and Toddler Underwear, Comfort Flex and ComfortSoft Boxer Briefs, Multiple Packs Available, Assorted-7 Pack, Large</p><p>$13.00</p><a href="https://www.amazon.com/dp/B071JVXMBW?tag=eloabder-20&linkCode=osi&th=1&psc=1">View Product</a></div>
<div class="product"><a href="https://www.amazon.com/dp/B0BHX978MW?tag=eloabder-20&linkCode=osi&th=1&psc=1"><img src="https://m.media-amazon.com/images/I/41DVOhGuwJL._SL500_.jpg" alt="Product Image"></a><p>Hanes Boys' and Toddler Underwear, Comfort Flex and ComfortSoft Boxer Briefs, Multiple Packs Available, Solids/Prints Assorted-pack of 10, Large</p><p>$18.49</p><a href="https://www.amazon.com/dp/B0BHX978MW?tag=eloabder-20&linkCode=osi&th=1&psc=1">View Product</a></div>
<div class="product"><a href="https://www.amazon.com/dp/B0BHXBJPZ6?tag=eloabder-20&linkCode=osi&th=1&psc=1"><img src="https://m.media-amazon.com/images/I/41xmYCCb5TL._SL500_.jpg" alt="Product Image"></a><p>Hanes Men's Boys Boxer Briefs Pack, Cool Comfort Tagless Underwear, 7-Pack, Assorted, Small</p><p>$13.00</p><a href="https://www.amazon.com/dp/B0BHXBJPZ6?tag=eloabder-20&linkCode=osi&th=1&psc=1">View Product</a></div><div class="product"><a href="https://www.amazon.com/dp/B07T9FYQS8?tag=eloabder-20&linkCode=osi&th=1&psc=1"><img src="https://m.media-amazon.com/images/I/41hpu+H+4BS._SL500_.jpg" alt="Product Image"></a><p>Hanes Boys' X-Temp Boxer Briefs, Moisture Wicking Breathable Underwear, Tagless, Assorted 6 Pack, Medium</p><p>$14.45</p><a href="https://www.amazon.com/dp/B07T9FYQS8?tag=eloabder-20&linkCode=osi&th=1&psc=1">View Product</a></div>
<div class="product"><a href="https://www.amazon.com/dp/B00S4GMSOI?tag=eloabder-20&linkCode=osi&th=1&psc=1"><img src="https://m.media-amazon.com/images/I/31iFPCkYcTL._SL500_.jpg" alt="Product Image"></a><p>Hanes Boys Socks, Double Tough Cushioned Crew 12-pair Packs Athletic-socks, White/Grey Bottom, Large US</p><p>$9.99</p><a href="https://www.amazon.com/dp/B00S4GMSOI?tag=eloabder-20&linkCode=osi&th=1&psc=1">View Product</a></div>



























<div class="product"><a href="https://www.amazon.com/dp/B07VWPNFMD?tag=eloabder-20&linkCode=osi&th=1&psc=1"><img src="https://m.media-amazon.com/images/I/41LJTb0eozL._SL500_.jpg" alt="Product Image"></a><p>Under Armour Youth Training Cotton Crew Socks, Multipairs , Black (6-Pairs) , Small</p><p>$17.99</p><a href="https://www.amazon.com/dp/B07VWPNFMD?tag=eloabder-20&linkCode=osi&th=1&psc=1">View Product</a></div>
<div class="product"><a href="https://www.amazon.com/dp/B00BXFGBAY?tag=eloabder-20&linkCode=osi&th=1&psc=1"><img src="https://m.media-amazon.com/images/I/31u+gpU4SqL._SL500_.jpg" alt="Product Image"></a><p>PHILIP B. Gentle Conditioning Shampoo 32 oz. (947 ml) | Light-weight Hair Moisturizer, Protecting Color, Adds Softness and Shine</p><p>$115.00 ($3.59 / Fl Oz)</p><a href="https://www.amazon.com/dp/B00BXFGBAY?tag=eloabder-20&linkCode=osi&th=1&psc=1">View Product</a></div>


<div class="product"><a href="https://www.amazon.com/dp/B07P9RWTVK?tag=eloabder-20&linkCode=osi&th=1&psc=1"><img src="https://m.media-amazon.com/images/I/51UYs9+XaEL._SL500_.jpg" alt="Product Image"></a><p>Cczmfeas Boys Toddler Dinosaur Cotton Underwear Boxer Briefs 6 Pack (6-8 Years, C- 6 Pack) Navy</p><p>$14.99</p><a href="https://www.amazon.com/dp/B07P9RWTVK?tag=eloabder-20&linkCode=osi&th=1&psc=1">View Product</a></div>





















<div class="product"><a href="https://www.amazon.com/dp/B07JXFXFDN?tag=eloabder-20&linkCode=osi&th=1&psc=1"><img src="https://m.media-amazon.com/images/I/31cedI+SL+L._SL500_.jpg" alt="Product Image"></a><p>Amazon Essentials Boys' Cotton Crew Sports Socks, 10 Pairs, White Stripe, Medium</p><p>$13.30</p><a href="https://www.amazon.com/dp/B07JXFXFDN?tag=eloabder-20&linkCode=osi&th=1&psc=1">View Product</a></div><div class="product"><a href="https://www.amazon.com/dp/B07JL9J6NW?tag=eloabder-20&linkCode=osi&th=1&psc=1"><img src="https://m.media-amazon.com/images/I/31TqyKO3LzL._SL500_.jpg" alt="Product Image"></a><p>Amazon Essentials Unisex Kids' Cotton Crew Socks, 10 Pairs, White/Grey, Large</p><p>$11.40</p><a href="https://www.amazon.com/dp/B07JL9J6NW?tag=eloabder-20&linkCode=osi&th=1&psc=1">View Product</a></div>



































<div class="product"><a href="https://www.amazon.com/dp/B00VTVE4Z6?tag=eloabder-20&linkCode=osi&th=1&psc=1"><img src="https://m.media-amazon.com/images/I/21Gp9b3ASJL._SL500_.jpg" alt="Product Image"></a><p>Fruit Of The Loom Boys Eversoft Cotton Undershirts, T Shirts & Tank Tops Underwear, T Shirt - Boys - 5 Pack - White, X-Large US</p><p>$9.99</p><a href="https://www.amazon.com/dp/B00VTVE4Z6?tag=eloabder-20&linkCode=osi&th=1&psc=1">View Product</a></div>

<div class="product"><a href="https://www.amazon.com/dp/B07T8C2FGP?tag=eloabder-20&linkCode=osi&th=1&psc=1"><img src="https://m.media-amazon.com/images/I/11REPowhbuL._SL500_.jpg" alt="Product Image"></a><p>Hanes Boys' Tank Undershirt, EcoSmart Cotton Shirt, Multiple Packs Available, White, Small</p><p>$9.00</p><a href="https://www.amazon.com/dp/B07T8C2FGP?tag=eloabder-20&linkCode=osi&th=1&psc=1">View Product</a></div><div class="product"><a href="https://www.amazon.com/dp/B07GLLY1B5?tag=eloabder-20&linkCode=osi&th=1&psc=1"><img src="https://m.media-amazon.com/images/I/21jImswBMOL._SL500_.jpg" alt="Product Image"></a><p>Fruit Of The Loom Boys Eversoft Cotton Undershirts, T Shirts & Tank Tops Underwear, Tank - Boys - 10 Pack - White, Small US</p><p>$18.99</p><a href="https://www.amazon.com/dp/B07GLLY1B5?tag=eloabder-20&linkCode=osi&th=1&psc=1">View Product</a></div>

















<div class="product"><a href="https://www.amazon.com/dp/B0CC6T1BXL?tag=eloabder-20&linkCode=osi&th=1&psc=1"><img src="https://m.media-amazon.com/images/I/51QfOhhRTAL._SL500_.jpg" alt="Product Image"></a><p>Hanes Boys' Big Performance Tween Boxer Brief Pack, X-Temp Mesh Underwear, Assorted, 6-Pack, Black/Blue/Green/Grey-6 Pack, X-Large</p><p>$16.13</p><a href="https://www.amazon.com/dp/B0CC6T1BXL?tag=eloabder-20&linkCode=osi&th=1&psc=1">View Product</a></div>
<div class="product"><a href="https://www.amazon.com/dp/B0CC6VPJ9T?tag=eloabder-20&linkCode=osi&th=1&psc=1"><img src="https://m.media-amazon.com/images/I/51QfOhhRTAL._SL500_.jpg" alt="Product Image"></a><p>Hanes Boys' Big Performance Tween Boxer Brief Pack, X-Temp Mesh Underwear, Assorted, Black/Blue/Green/Grey - 6 Pack, Small</p><p>$15.29</p><a href="https://www.amazon.com/dp/B0CC6VPJ9T?tag=eloabder-20&linkCode=osi&th=1&psc=1">View Product</a></div><div class="product"><a href="https://www.amazon.com/dp/B0BHX9MGTV?tag=eloabder-20&linkCode=osi&th=1&psc=1"><img src="https://m.media-amazon.com/images/I/41xmYCCb5TL._SL500_.jpg" alt="Product Image"></a><p>Hanes Men's Boys Boxer Briefs Pack, Cool Comfort Tagless Underwear, 7-Pack, Assorted, Large</p><p>$13.00</p><a href="https://www.amazon.com/dp/B0BHX9MGTV?tag=eloabder-20&linkCode=osi&th=1&psc=1">View Product</a></div><div class="product"><a href="https://www.amazon.com/dp/B071JVXMBW?tag=eloabder-20&linkCode=osi&th=1&psc=1"><img src="https://m.media-amazon.com/images/I/41dDO730qNL._SL500_.jpg" alt="Product Image"></a><p>Hanes Boys' and Toddler Underwear, Comfort Flex and ComfortSoft Boxer Briefs, Multiple Packs Available, Assorted-7 Pack, Large</p><p>$13.00</p><a href="https://www.amazon.com/dp/B071JVXMBW?tag=eloabder-20&linkCode=osi&th=1&psc=1">View Product</a></div>
<div class="product"><a href="https://www.amazon.com/dp/B0BHX978MW?tag=eloabder-20&linkCode=osi&th=1&psc=1"><img src="https://m.media-amazon.com/images/I/41DVOhGuwJL._SL500_.jpg" alt="Product Image"></a><p>Hanes Boys' and Toddler Underwear, Comfort Flex and ComfortSoft Boxer Briefs, Multiple Packs Available, Solids/Prints Assorted-pack of 10, Large</p><p>$18.49</p><a href="https://www.amazon.com/dp/B0BHX978MW?tag=eloabder-20&linkCode=osi&th=1&psc=1">View Product</a></div>
<div class="product"><a href="https://www.amazon.com/dp/B0BHXBJPZ6?tag=eloabder-20&linkCode=osi&th=1&psc=1"><img src="https://m.media-amazon.com/images/I/41xmYCCb5TL._SL500_.jpg" alt="Product Image"></a><p>Hanes Men's Boys Boxer Briefs Pack, Cool Comfort Tagless Underwear, 7-Pack, Assorted, Small</p><p>$13.00</p><a href="https://www.amazon.com/dp/B0BHXBJPZ6?tag=eloabder-20&linkCode=osi&th=1&psc=1">View Product</a></div><div class="product"><a href="https://www.amazon.com/dp/B07T9FYQS8?tag=eloabder-20&linkCode=osi&th=1&psc=1"><img src="https://m.media-amazon.com/images/I/41hpu+H+4BS._SL500_.jpg" alt="Product Image"></a><p>Hanes Boys' X-Temp Boxer Briefs, Moisture Wicking Breathable Underwear, Tagless, Assorted 6 Pack, Medium</p><p>$14.45</p><a href="https://www.amazon.com/dp/B07T9FYQS8?tag=eloabder-20&linkCode=osi&th=1&psc=1">View Product</a></div>
<div class="product"><a href="https://www.amazon.com/dp/B00S4GMSOI?tag=eloabder-20&linkCode=osi&th=1&psc=1"><img src="https://m.media-amazon.com/images/I/31iFPCkYcTL._SL500_.jpg" alt="Product Image"></a><p>Hanes Boys Socks, Double Tough Cushioned Crew 12-pair Packs Athletic-socks, White/Grey Bottom, Large US</p><p>$9.99</p><a href="https://www.amazon.com/dp/B00S4GMSOI?tag=eloabder-20&linkCode=osi&th=1&psc=1">View Product</a></div>



























<div class="product"><a href="https://www.amazon.com/dp/B07VWPNFMD?tag=eloabder-20&linkCode=osi&th=1&psc=1"><img src="https://m.media-amazon.com/images/I/41LJTb0eozL._SL500_.jpg" alt="Product Image"></a><p>Under Armour Youth Training Cotton Crew Socks, Multipairs , Black (6-Pairs) , Small</p><p>$17.99</p><a href="https://www.amazon.com/dp/B07VWPNFMD?tag=eloabder-20&linkCode=osi&th=1&psc=1">View Product</a></div>
<div class="product"><a href="https://www.amazon.com/dp/B00BXFGBAY?tag=eloabder-20&linkCode=osi&th=1&psc=1"><img src="https://m.media-amazon.com/images/I/31u+gpU4SqL._SL500_.jpg" alt="Product Image"></a><p>PHILIP B. Gentle Conditioning Shampoo 32 oz. (947 ml) | Light-weight Hair Moisturizer, Protecting Color, Adds Softness and Shine</p><p>$115.00 ($3.59 / Fl Oz)</p><a href="https://www.amazon.com/dp/B00BXFGBAY?tag=eloabder-20&linkCode=osi&th=1&psc=1">View Product</a></div>


<div class="product"><a href="https://www.amazon.com/dp/B07P9RWTVK?tag=eloabder-20&linkCode=osi&th=1&psc=1"><img src="https://m.media-amazon.com/images/I/51UYs9+XaEL._SL500_.jpg" alt="Product Image"></a><p>Cczmfeas Boys Toddler Dinosaur Cotton Underwear Boxer Briefs 6 Pack (6-8 Years, C- 6 Pack) Navy</p><p>$14.99</p><a href="https://www.amazon.com/dp/B07P9RWTVK?tag=eloabder-20&linkCode=osi&th=1&psc=1">View Product</a></div>





















<div class="product"><a href="https://www.amazon.com/dp/B07JXFXFDN?tag=eloabder-20&linkCode=osi&th=1&psc=1"><img src="https://m.media-amazon.com/images/I/31cedI+SL+L._SL500_.jpg" alt="Product Image"></a><p>Amazon Essentials Boys' Cotton Crew Sports Socks, 10 Pairs, White Stripe, Medium</p><p>$13.30</p><a href="https://www.amazon.com/dp/B07JXFXFDN?tag=eloabder-20&linkCode=osi&th=1&psc=1">View Product</a></div><div class="product"><a href="https://www.amazon.com/dp/B07JL9J6NW?tag=eloabder-20&linkCode=osi&th=1&psc=1"><img src="https://m.media-amazon.com/images/I/31TqyKO3LzL._SL500_.jpg" alt="Product Image"></a><p>Amazon Essentials Unisex Kids' Cotton Crew Socks, 10 Pairs, White/Grey, Large</p><p>$11.40</p><a href="https://www.amazon.com/dp/B07JL9J6NW?tag=eloabder-20&linkCode=osi&th=1&psc=1">View Product</a></div>




































<div class="product"><a href="https://www.amazon.com/dp/B00VTVE4Z6?tag=eloabder-20&linkCode=osi&th=1&psc=1"><img src="https://m.media-amazon.com/images/I/21Gp9b3ASJL._SL500_.jpg" alt="Product Image"></a><p>Fruit Of The Loom Boys Eversoft Cotton Undershirts, T Shirts & Tank Tops Underwear, T Shirt - Boys - 5 Pack - White, X-Large US</p><p>$9.99</p><a href="https://www.amazon.com/dp/B00VTVE4Z6?tag=eloabder-20&linkCode=osi&th=1&psc=1">View Product</a></div>

<div class="product"><a href="https://www.amazon.com/dp/B07T8C2FGP?tag=eloabder-20&linkCode=osi&th=1&psc=1"><img src="https://m.media-amazon.com/images/I/11REPowhbuL._SL500_.jpg" alt="Product Image"></a><p>Hanes Boys' Tank Undershirt, EcoSmart Cotton Shirt, Multiple Packs Available, White, Small</p><p>$9.00</p><a href="https://www.amazon.com/dp/B07T8C2FGP?tag=eloabder-20&linkCode=osi&th=1&psc=1">View Product</a></div><div class="product"><a href="https://www.amazon.com/dp/B07GLLY1B5?tag=eloabder-20&linkCode=osi&th=1&psc=1"><img src="https://m.media-amazon.com/images/I/21jImswBMOL._SL500_.jpg" alt="Product Image"></a><p>Fruit Of The Loom Boys Eversoft Cotton Undershirts, T Shirts & Tank Tops Underwear, Tank - Boys - 10 Pack - White, Small US</p><p>$18.99</p><a href="https://www.amazon.com/dp/B07GLLY1B5?tag=eloabder-20&linkCode=osi&th=1&psc=1">View Product</a></div>

















<div class="product"><a href="https://www.amazon.com/dp/B0CC6T1BXL?tag=eloabder-20&linkCode=osi&th=1&psc=1"><img src="https://m.media-amazon.com/images/I/51QfOhhRTAL._SL500_.jpg" alt="Product Image"></a><p>Hanes Boys' Big Performance Tween Boxer Brief Pack, X-Temp Mesh Underwear, Assorted, 6-Pack, Black/Blue/Green/Grey-6 Pack, X-Large</p><p>$16.13</p><a href="https://www.amazon.com/dp/B0CC6T1BXL?tag=eloabder-20&linkCode=osi&th=1&psc=1">View Product</a></div>
<div class="product"><a href="https://www.amazon.com/dp/B0CC6VPJ9T?tag=eloabder-20&linkCode=osi&th=1&psc=1"><img src="https://m.media-amazon.com/images/I/51QfOhhRTAL._SL500_.jpg" alt="Product Image"></a><p>Hanes Boys' Big Performance Tween Boxer Brief Pack, X-Temp Mesh Underwear, Assorted, Black/Blue/Green/Grey - 6 Pack, Small</p><p>$15.29</p><a href="https://www.amazon.com/dp/B0CC6VPJ9T?tag=eloabder-20&linkCode=osi&th=1&psc=1">View Product</a></div><div class="product"><a href="https://www.amazon.com/dp/B0BHX9MGTV?tag=eloabder-20&linkCode=osi&th=1&psc=1"><img src="https://m.media-amazon.com/images/I/41xmYCCb5TL._SL500_.jpg" alt="Product Image"></a><p>Hanes Men's Boys Boxer Briefs Pack, Cool Comfort Tagless Underwear, 7-Pack, Assorted, Large</p><p>$13.00</p><a href="https://www.amazon.com/dp/B0BHX9MGTV?tag=eloabder-20&linkCode=osi&th=1&psc=1">View Product</a></div><div class="product"><a href="https://www.amazon.com/dp/B071JVXMBW?tag=eloabder-20&linkCode=osi&th=1&psc=1"><img src="https://m.media-amazon.com/images/I/41dDO730qNL._SL500_.jpg" alt="Product Image"></a><p>Hanes Boys' and Toddler Underwear, Comfort Flex and ComfortSoft Boxer Briefs, Multiple Packs Available, Assorted-7 Pack, Large</p><p>$13.00</p><a href="https://www.amazon.com/dp/B071JVXMBW?tag=eloabder-20&linkCode=osi&th=1&psc=1">View Product</a></div>
<div class="product"><a href="https://www.amazon.com/dp/B0BHX978MW?tag=eloabder-20&linkCode=osi&th=1&psc=1"><img src="https://m.media-amazon.com/images/I/41DVOhGuwJL._SL500_.jpg" alt="Product Image"></a><p>Hanes Boys' and Toddler Underwear, Comfort Flex and ComfortSoft Boxer Briefs, Multiple Packs Available, Solids/Prints Assorted-pack of 10, Large</p><p>$18.49</p><a href="https://www.amazon.com/dp/B0BHX978MW?tag=eloabder-20&linkCode=osi&th=1&psc=1">View Product</a></div>
<div class="product"><a href="https://www.amazon.com/dp/B0BHXBJPZ6?tag=eloabder-20&linkCode=osi&th=1&psc=1"><img src="https://m.media-amazon.com/images/I/41xmYCCb5TL._SL500_.jpg" alt="Product Image"></a><p>Hanes Men's Boys Boxer Briefs Pack, Cool Comfort Tagless Underwear, 7-Pack, Assorted, Small</p><p>$13.00</p><a href="https://www.amazon.com/dp/B0BHXBJPZ6?tag=eloabder-20&linkCode=osi&th=1&psc=1">View Product</a></div><div class="product"><a href="https://www.amazon.com/dp/B07T9FYQS8?tag=eloabder-20&linkCode=osi&th=1&psc=1"><img src="https://m.media-amazon.com/images/I/41hpu+H+4BS._SL500_.jpg" alt="Product Image"></a><p>Hanes Boys' X-Temp Boxer Briefs, Moisture Wicking Breathable Underwear, Tagless, Assorted 6 Pack, Medium</p><p>$14.45</p><a href="https://www.amazon.com/dp/B07T9FYQS8?tag=eloabder-20&linkCode=osi&th=1&psc=1">View Product</a></div>
<div class="product"><a href="https://www.amazon.com/dp/B00S4GMSOI?tag=eloabder-20&linkCode=osi&th=1&psc=1"><img src="https://m.media-amazon.com/images/I/31iFPCkYcTL._SL500_.jpg" alt="Product Image"></a><p>Hanes Boys Socks, Double Tough Cushioned Crew 12-pair Packs Athletic-socks, White/Grey Bottom, Large US</p><p>$9.99</p><a href="https://www.amazon.com/dp/B00S4GMSOI?tag=eloabder-20&linkCode=osi&th=1&psc=1">View Product</a></div>



























<div class="product"><a href="https://www.amazon.com/dp/B07VWPNFMD?tag=eloabder-20&linkCode=osi&th=1&psc=1"><img src="https://m.media-amazon.com/images/I/41LJTb0eozL._SL500_.jpg" alt="Product Image"></a><p>Under Armour Youth Training Cotton Crew Socks, Multipairs , Black (6-Pairs) , Small</p><p>$17.99</p><a href="https://www.amazon.com/dp/B07VWPNFMD?tag=eloabder-20&linkCode=osi&th=1&psc=1">View Product</a></div>
<div class="product"><a href="https://www.amazon.com/dp/B00BXFGBAY?tag=eloabder-20&linkCode=osi&th=1&psc=1"><img src="https://m.media-amazon.com/images/I/31u+gpU4SqL._SL500_.jpg" alt="Product Image"></a><p>PHILIP B. Gentle Conditioning Shampoo 32 oz. (947 ml) | Light-weight Hair Moisturizer, Protecting Color, Adds Softness and Shine</p><p>$115.00 ($3.59 / Fl Oz)</p><a href="https://www.amazon.com/dp/B00BXFGBAY?tag=eloabder-20&linkCode=osi&th=1&psc=1">View Product</a></div>


<div class="product"><a href="https://www.amazon.com/dp/B07P9RWTVK?tag=eloabder-20&linkCode=osi&th=1&psc=1"><img src="https://m.media-amazon.com/images/I/51UYs9+XaEL._SL500_.jpg" alt="Product Image"></a><p>Cczmfeas Boys Toddler Dinosaur Cotton Underwear Boxer Briefs 6 Pack (6-8 Years, C- 6 Pack) Navy</p><p>$14.99</p><a href="https://www.amazon.com/dp/B07P9RWTVK?tag=eloabder-20&linkCode=osi&th=1&psc=1">View Product</a></div>





















<div class="product"><a href="https://www.amazon.com/dp/B07JXFXFDN?tag=eloabder-20&linkCode=osi&th=1&psc=1"><img src="https://m.media-amazon.com/images/I/31cedI+SL+L._SL500_.jpg" alt="Product Image"></a><p>Amazon Essentials Boys' Cotton Crew Sports Socks, 10 Pairs, White Stripe, Medium</p><p>$13.30</p><a href="https://www.amazon.com/dp/B07JXFXFDN?tag=eloabder-20&linkCode=osi&th=1&psc=1">View Product</a></div><div class="product"><a href="https://www.amazon.com/dp/B07JL9J6NW?tag=eloabder-20&linkCode=osi&th=1&psc=1"><img src="https://m.media-amazon.com/images/I/31TqyKO3LzL._SL500_.jpg" alt="Product Image"></a><p>Amazon Essentials Unisex Kids' Cotton Crew Socks, 10 Pairs, White/Grey, Large</p><p>$11.40</p><a href="https://www.amazon.com/dp/B07JL9J6NW?tag=eloabder-20&linkCode=osi&th=1&psc=1">View Product</a></div>





































<div class="product"><a href="https://www.amazon.com/dp/B00VTVE4Z6?tag=eloabder-20&linkCode=osi&th=1&psc=1"><img src="https://m.media-amazon.com/images/I/21Gp9b3ASJL._SL500_.jpg" alt="Product Image"></a><p>Fruit Of The Loom Boys Eversoft Cotton Undershirts, T Shirts & Tank Tops Underwear, T Shirt - Boys - 5 Pack - White, X-Large US</p><p>$9.99</p><a href="https://www.amazon.com/dp/B00VTVE4Z6?tag=eloabder-20&linkCode=osi&th=1&psc=1">View Product</a></div>

<div class="product"><a href="https://www.amazon.com/dp/B07T8C2FGP?tag=eloabder-20&linkCode=osi&th=1&psc=1"><img src="https://m.media-amazon.com/images/I/11REPowhbuL._SL500_.jpg" alt="Product Image"></a><p>Hanes Boys' Tank Undershirt, EcoSmart Cotton Shirt, Multiple Packs Available, White, Small</p><p>$9.00</p><a href="https://www.amazon.com/dp/B07T8C2FGP?tag=eloabder-20&linkCode=osi&th=1&psc=1">View Product</a></div><div class="product"><a href="https://www.amazon.com/dp/B07GLLY1B5?tag=eloabder-20&linkCode=osi&th=1&psc=1"><img src="https://m.media-amazon.com/images/I/21jImswBMOL._SL500_.jpg" alt="Product Image"></a><p>Fruit Of The Loom Boys Eversoft Cotton Undershirts, T Shirts & Tank Tops Underwear, Tank - Boys - 10 Pack - White, Small US</p><p>$18.99</p><a href="https://www.amazon.com/dp/B07GLLY1B5?tag=eloabder-20&linkCode=osi&th=1&psc=1">View Product</a></div>

















<div class="product"><a href="https://www.amazon.com/dp/B0CC6T1BXL?tag=eloabder-20&linkCode=osi&th=1&psc=1"><img src="https://m.media-amazon.com/images/I/51QfOhhRTAL._SL500_.jpg" alt="Product Image"></a><p>Hanes Boys' Big Performance Tween Boxer Brief Pack, X-Temp Mesh Underwear, Assorted, 6-Pack, Black/Blue/Green/Grey-6 Pack, X-Large</p><p>$16.13</p><a href="https://www.amazon.com/dp/B0CC6T1BXL?tag=eloabder-20&linkCode=osi&th=1&psc=1">View Product</a></div>
<div class="product"><a href="https://www.amazon.com/dp/B0CC6VPJ9T?tag=eloabder-20&linkCode=osi&th=1&psc=1"><img src="https://m.media-amazon.com/images/I/51QfOhhRTAL._SL500_.jpg" alt="Product Image"></a><p>Hanes Boys' Big Performance Tween Boxer Brief Pack, X-Temp Mesh Underwear, Assorted, Black/Blue/Green/Grey - 6 Pack, Small</p><p>$15.29</p><a href="https://www.amazon.com/dp/B0CC6VPJ9T?tag=eloabder-20&linkCode=osi&th=1&psc=1">View Product</a></div><div class="product"><a href="https://www.amazon.com/dp/B0BHX9MGTV?tag=eloabder-20&linkCode=osi&th=1&psc=1"><img src="https://m.media-amazon.com/images/I/41xmYCCb5TL._SL500_.jpg" alt="Product Image"></a><p>Hanes Men's Boys Boxer Briefs Pack, Cool Comfort Tagless Underwear, 7-Pack, Assorted, Large</p><p>$13.00</p><a href="https://www.amazon.com/dp/B0BHX9MGTV?tag=eloabder-20&linkCode=osi&th=1&psc=1">View Product</a></div><div class="product"><a href="https://www.amazon.com/dp/B071JVXMBW?tag=eloabder-20&linkCode=osi&th=1&psc=1"><img src="https://m.media-amazon.com/images/I/41dDO730qNL._SL500_.jpg" alt="Product Image"></a><p>Hanes Boys' and Toddler Underwear, Comfort Flex and ComfortSoft Boxer Briefs, Multiple Packs Available, Assorted-7 Pack, Large</p><p>$13.00</p><a href="https://www.amazon.com/dp/B071JVXMBW?tag=eloabder-20&linkCode=osi&th=1&psc=1">View Product</a></div>
<div class="product"><a href="https://www.amazon.com/dp/B0BHX978MW?tag=eloabder-20&linkCode=osi&th=1&psc=1"><img src="https://m.media-amazon.com/images/I/41DVOhGuwJL._SL500_.jpg" alt="Product Image"></a><p>Hanes Boys' and Toddler Underwear, Comfort Flex and ComfortSoft Boxer Briefs, Multiple Packs Available, Solids/Prints Assorted-pack of 10, Large</p><p>$18.49</p><a href="https://www.amazon.com/dp/B0BHX978MW?tag=eloabder-20&linkCode=osi&th=1&psc=1">View Product</a></div>
<div class="product"><a href="https://www.amazon.com/dp/B0BHXBJPZ6?tag=eloabder-20&linkCode=osi&th=1&psc=1"><img src="https://m.media-amazon.com/images/I/41xmYCCb5TL._SL500_.jpg" alt="Product Image"></a><p>Hanes Men's Boys Boxer Briefs Pack, Cool Comfort Tagless Underwear, 7-Pack, Assorted, Small</p><p>$13.00</p><a href="https://www.amazon.com/dp/B0BHXBJPZ6?tag=eloabder-20&linkCode=osi&th=1&psc=1">View Product</a></div><div class="product"><a href="https://www.amazon.com/dp/B07T9FYQS8?tag=eloabder-20&linkCode=osi&th=1&psc=1"><img src="https://m.media-amazon.com/images/I/41hpu+H+4BS._SL500_.jpg" alt="Product Image"></a><p>Hanes Boys' X-Temp Boxer Briefs, Moisture Wicking Breathable Underwear, Tagless, Assorted 6 Pack, Medium</p><p>$14.45</p><a href="https://www.amazon.com/dp/B07T9FYQS8?tag=eloabder-20&linkCode=osi&th=1&psc=1">View Product</a></div>
<div class="product"><a href="https://www.amazon.com/dp/B00S4GMSOI?tag=eloabder-20&linkCode=osi&th=1&psc=1"><img src="https://m.media-amazon.com/images/I/31iFPCkYcTL._SL500_.jpg" alt="Product Image"></a><p>Hanes Boys Socks, Double Tough Cushioned Crew 12-pair Packs Athletic-socks, White/Grey Bottom, Large US</p><p>$9.99</p><a href="https://www.amazon.com/dp/B00S4GMSOI?tag=eloabder-20&linkCode=osi&th=1&psc=1">View Product</a></div>



























<div class="product"><a href="https://www.amazon.com/dp/B07VWPNFMD?tag=eloabder-20&linkCode=osi&th=1&psc=1"><img src="https://m.media-amazon.com/images/I/41LJTb0eozL._SL500_.jpg" alt="Product Image"></a><p>Under Armour Youth Training Cotton Crew Socks, Multipairs , Black (6-Pairs) , Small</p><p>$17.99</p><a href="https://www.amazon.com/dp/B07VWPNFMD?tag=eloabder-20&linkCode=osi&th=1&psc=1">View Product</a></div>
<div class="product"><a href="https://www.amazon.com/dp/B00BXFGBAY?tag=eloabder-20&linkCode=osi&th=1&psc=1"><img src="https://m.media-amazon.com/images/I/31u+gpU4SqL._SL500_.jpg" alt="Product Image"></a><p>PHILIP B. Gentle Conditioning Shampoo 32 oz. (947 ml) | Light-weight Hair Moisturizer, Protecting Color, Adds Softness and Shine</p><p>$115.00 ($3.59 / Fl Oz)</p><a href="https://www.amazon.com/dp/B00BXFGBAY?tag=eloabder-20&linkCode=osi&th=1&psc=1">View Product</a></div>


<div class="product"><a href="https://www.amazon.com/dp/B07P9RWTVK?tag=eloabder-20&linkCode=osi&th=1&psc=1"><img src="https://m.media-amazon.com/images/I/51UYs9+XaEL._SL500_.jpg" alt="Product Image"></a><p>Cczmfeas Boys Toddler Dinosaur Cotton Underwear Boxer Briefs 6 Pack (6-8 Years, C- 6 Pack) Navy</p><p>$14.99</p><a href="https://www.amazon.com/dp/B07P9RWTVK?tag=eloabder-20&linkCode=osi&th=1&psc=1">View Product</a></div>





















<div class="product"><a href="https://www.amazon.com/dp/B07JXFXFDN?tag=eloabder-20&linkCode=osi&th=1&psc=1"><img src="https://m.media-amazon.com/images/I/31cedI+SL+L._SL500_.jpg" alt="Product Image"></a><p>Amazon Essentials Boys' Cotton Crew Sports Socks, 10 Pairs, White Stripe, Medium</p><p>$13.30</p><a href="https://www.amazon.com/dp/B07JXFXFDN?tag=eloabder-20&linkCode=osi&th=1&psc=1">View Product</a></div><div class="product"><a href="https://www.amazon.com/dp/B07JL9J6NW?tag=eloabder-20&linkCode=osi&th=1&psc=1"><img src="https://m.media-amazon.com/images/I/31TqyKO3LzL._SL500_.jpg" alt="Product Image"></a><p>Amazon Essentials Unisex Kids' Cotton Crew Socks, 10 Pairs, White/Grey, Large</p><p>$11.40</p><a href="https://www.amazon.com/dp/B07JL9J6NW?tag=eloabder-20&linkCode=osi&th=1&psc=1">View Product</a></div>






































<div class="product"><a href="https://www.amazon.com/dp/B00VTVE4Z6?tag=eloabder-20&linkCode=osi&th=1&psc=1"><img src="https://m.media-amazon.com/images/I/21Gp9b3ASJL._SL500_.jpg" alt="Product Image"></a><p>Fruit Of The Loom Boys Eversoft Cotton Undershirts, T Shirts & Tank Tops Underwear, T Shirt - Boys - 5 Pack - White, X-Large US</p><p>$9.99</p><a href="https://www.amazon.com/dp/B00VTVE4Z6?tag=eloabder-20&linkCode=osi&th=1&psc=1">View Product</a></div>

<div class="product"><a href="https://www.amazon.com/dp/B07T8C2FGP?tag=eloabder-20&linkCode=osi&th=1&psc=1"><img src="https://m.media-amazon.com/images/I/11REPowhbuL._SL500_.jpg" alt="Product Image"></a><p>Hanes Boys' Tank Undershirt, EcoSmart Cotton Shirt, Multiple Packs Available, White, Small</p><p>$9.00</p><a href="https://www.amazon.com/dp/B07T8C2FGP?tag=eloabder-20&linkCode=osi&th=1&psc=1">View Product</a></div><div class="product"><a href="https://www.amazon.com/dp/B07GLLY1B5?tag=eloabder-20&linkCode=osi&th=1&psc=1"><img src="https://m.media-amazon.com/images/I/21jImswBMOL._SL500_.jpg" alt="Product Image"></a><p>Fruit Of The Loom Boys Eversoft Cotton Undershirts, T Shirts & Tank Tops Underwear, Tank - Boys - 10 Pack - White, Small US</p><p>$18.99</p><a href="https://www.amazon.com/dp/B07GLLY1B5?tag=eloabder-20&linkCode=osi&th=1&psc=1">View Product</a></div>

















<div class="product"><a href="https://www.amazon.com/dp/B0CC6T1BXL?tag=eloabder-20&linkCode=osi&th=1&psc=1"><img src="https://m.media-amazon.com/images/I/51QfOhhRTAL._SL500_.jpg" alt="Product Image"></a><p>Hanes Boys' Big Performance Tween Boxer Brief Pack, X-Temp Mesh Underwear, Assorted, 6-Pack, Black/Blue/Green/Grey-6 Pack, X-Large</p><p>$16.13</p><a href="https://www.amazon.com/dp/B0CC6T1BXL?tag=eloabder-20&linkCode=osi&th=1&psc=1">View Product</a></div>
<div class="product"><a href="https://www.amazon.com/dp/B0CC6VPJ9T?tag=eloabder-20&linkCode=osi&th=1&psc=1"><img src="https://m.media-amazon.com/images/I/51QfOhhRTAL._SL500_.jpg" alt="Product Image"></a><p>Hanes Boys' Big Performance Tween Boxer Brief Pack, X-Temp Mesh Underwear, Assorted, Black/Blue/Green/Grey - 6 Pack, Small</p><p>$15.29</p><a href="https://www.amazon.com/dp/B0CC6VPJ9T?tag=eloabder-20&linkCode=osi&th=1&psc=1">View Product</a></div><div class="product"><a href="https://www.amazon.com/dp/B0BHX9MGTV?tag=eloabder-20&linkCode=osi&th=1&psc=1"><img src="https://m.media-amazon.com/images/I/41xmYCCb5TL._SL500_.jpg" alt="Product Image"></a><p>Hanes Men's Boys Boxer Briefs Pack, Cool Comfort Tagless Underwear, 7-Pack, Assorted, Large</p><p>$13.00</p><a href="https://www.amazon.com/dp/B0BHX9MGTV?tag=eloabder-20&linkCode=osi&th=1&psc=1">View Product</a></div><div class="product"><a href="https://www.amazon.com/dp/B071JVXMBW?tag=eloabder-20&linkCode=osi&th=1&psc=1"><img src="https://m.media-amazon.com/images/I/41dDO730qNL._SL500_.jpg" alt="Product Image"></a><p>Hanes Boys' and Toddler Underwear, Comfort Flex and ComfortSoft Boxer Briefs, Multiple Packs Available, Assorted-7 Pack, Large</p><p>$13.00</p><a href="https://www.amazon.com/dp/B071JVXMBW?tag=eloabder-20&linkCode=osi&th=1&psc=1">View Product</a></div>
<div class="product"><a href="https://www.amazon.com/dp/B0BHX978MW?tag=eloabder-20&linkCode=osi&th=1&psc=1"><img src="https://m.media-amazon.com/images/I/41DVOhGuwJL._SL500_.jpg" alt="Product Image"></a><p>Hanes Boys' and Toddler Underwear, Comfort Flex and ComfortSoft Boxer Briefs, Multiple Packs Available, Solids/Prints Assorted-pack of 10, Large</p><p>$18.49</p><a href="https://www.amazon.com/dp/B0BHX978MW?tag=eloabder-20&linkCode=osi&th=1&psc=1">View Product</a></div>
<div class="product"><a href="https://www.amazon.com/dp/B0BHXBJPZ6?tag=eloabder-20&linkCode=osi&th=1&psc=1"><img src="https://m.media-amazon.com/images/I/41xmYCCb5TL._SL500_.jpg" alt="Product Image"></a><p>Hanes Men's Boys Boxer Briefs Pack, Cool Comfort Tagless Underwear, 7-Pack, Assorted, Small</p><p>$13.00</p><a href="https://www.amazon.com/dp/B0BHXBJPZ6?tag=eloabder-20&linkCode=osi&th=1&psc=1">View Product</a></div><div class="product"><a href="https://www.amazon.com/dp/B07T9FYQS8?tag=eloabder-20&linkCode=osi&th=1&psc=1"><img src="https://m.media-amazon.com/images/I/41hpu+H+4BS._SL500_.jpg" alt="Product Image"></a><p>Hanes Boys' X-Temp Boxer Briefs, Moisture Wicking Breathable Underwear, Tagless, Assorted 6 Pack, Medium</p><p>$14.45</p><a href="https://www.amazon.com/dp/B07T9FYQS8?tag=eloabder-20&linkCode=osi&th=1&psc=1">View Product</a></div>
<div class="product"><a href="https://www.amazon.com/dp/B00S4GMSOI?tag=eloabder-20&linkCode=osi&th=1&psc=1"><img src="https://m.media-amazon.com/images/I/31iFPCkYcTL._SL500_.jpg" alt="Product Image"></a><p>Hanes Boys Socks, Double Tough Cushioned Crew 12-pair Packs Athletic-socks, White/Grey Bottom, Large US</p><p>$9.99</p><a href="https://www.amazon.com/dp/B00S4GMSOI?tag=eloabder-20&linkCode=osi&th=1&psc=1">View Product</a></div>



























<div class="product"><a href="https://www.amazon.com/dp/B07VWPNFMD?tag=eloabder-20&linkCode=osi&th=1&psc=1"><img src="https://m.media-amazon.com/images/I/41LJTb0eozL._SL500_.jpg" alt="Product Image"></a><p>Under Armour Youth Training Cotton Crew Socks, Multipairs , Black (6-Pairs) , Small</p><p>$17.99</p><a href="https://www.amazon.com/dp/B07VWPNFMD?tag=eloabder-20&linkCode=osi&th=1&psc=1">View Product</a></div>
<div class="product"><a href="https://www.amazon.com/dp/B00BXFGBAY?tag=eloabder-20&linkCode=osi&th=1&psc=1"><img src="https://m.media-amazon.com/images/I/31u+gpU4SqL._SL500_.jpg" alt="Product Image"></a><p>PHILIP B. Gentle Conditioning Shampoo 32 oz. (947 ml) | Light-weight Hair Moisturizer, Protecting Color, Adds Softness and Shine</p><p>$115.00 ($3.59 / Fl Oz)</p><a href="https://www.amazon.com/dp/B00BXFGBAY?tag=eloabder-20&linkCode=osi&th=1&psc=1">View Product</a></div>


<div class="product"><a href="https://www.amazon.com/dp/B07P9RWTVK?tag=eloabder-20&linkCode=osi&th=1&psc=1"><img src="https://m.media-amazon.com/images/I/51UYs9+XaEL._SL500_.jpg" alt="Product Image"></a><p>Cczmfeas Boys Toddler Dinosaur Cotton Underwear Boxer Briefs 6 Pack (6-8 Years, C- 6 Pack) Navy</p><p>$14.99</p><a href="https://www.amazon.com/dp/B07P9RWTVK?tag=eloabder-20&linkCode=osi&th=1&psc=1">View Product</a></div>





















<div class="product"><a href="https://www.amazon.com/dp/B07JXFXFDN?tag=eloabder-20&linkCode=osi&th=1&psc=1"><img src="https://m.media-amazon.com/images/I/31cedI+SL+L._SL500_.jpg" alt="Product Image"></a><p>Amazon Essentials Boys' Cotton Crew Sports Socks, 10 Pairs, White Stripe, Medium</p><p>$13.30</p><a href="https://www.amazon.com/dp/B07JXFXFDN?tag=eloabder-20&linkCode=osi&th=1&psc=1">View Product</a></div><div class="product"><a href="https://www.amazon.com/dp/B07JL9J6NW?tag=eloabder-20&linkCode=osi&th=1&psc=1"><img src="https://m.media-amazon.com/images/I/31TqyKO3LzL._SL500_.jpg" alt="Product Image"></a><p>Amazon Essentials Unisex Kids' Cotton Crew Socks, 10 Pairs, White/Grey, Large</p><p>$11.40</p><a href="https://www.amazon.com/dp/B07JL9J6NW?tag=eloabder-20&linkCode=osi&th=1&psc=1">View Product</a></div>







































<div class="product"><a href="https://www.amazon.com/dp/B00VTVE4Z6?tag=eloabder-20&linkCode=osi&th=1&psc=1"><img src="https://m.media-amazon.com/images/I/21Gp9b3ASJL._SL500_.jpg" alt="Product Image"></a><p>Fruit Of The Loom Boys Eversoft Cotton Undershirts, T Shirts & Tank Tops Underwear, T Shirt - Boys - 5 Pack - White, X-Large US</p><p>$9.99</p><a href="https://www.amazon.com/dp/B00VTVE4Z6?tag=eloabder-20&linkCode=osi&th=1&psc=1">View Product</a></div>

<div class="product"><a href="https://www.amazon.com/dp/B07T8C2FGP?tag=eloabder-20&linkCode=osi&th=1&psc=1"><img src="https://m.media-amazon.com/images/I/11REPowhbuL._SL500_.jpg" alt="Product Image"></a><p>Hanes Boys' Tank Undershirt, EcoSmart Cotton Shirt, Multiple Packs Available, White, Small</p><p>$9.00</p><a href="https://www.amazon.com/dp/B07T8C2FGP?tag=eloabder-20&linkCode=osi&th=1&psc=1">View Product</a></div><div class="product"><a href="https://www.amazon.com/dp/B07GLLY1B5?tag=eloabder-20&linkCode=osi&th=1&psc=1"><img src="https://m.media-amazon.com/images/I/21jImswBMOL._SL500_.jpg" alt="Product Image"></a><p>Fruit Of The Loom Boys Eversoft Cotton Undershirts, T Shirts & Tank Tops Underwear, Tank - Boys - 10 Pack - White, Small US</p><p>$18.99</p><a href="https://www.amazon.com/dp/B07GLLY1B5?tag=eloabder-20&linkCode=osi&th=1&psc=1">View Product</a></div>

















<div class="product"><a href="https://www.amazon.com/dp/B0CC6T1BXL?tag=eloabder-20&linkCode=osi&th=1&psc=1"><img src="https://m.media-amazon.com/images/I/51QfOhhRTAL._SL500_.jpg" alt="Product Image"></a><p>Hanes Boys' Big Performance Tween Boxer Brief Pack, X-Temp Mesh Underwear, Assorted, 6-Pack, Black/Blue/Green/Grey-6 Pack, X-Large</p><p>$16.13</p><a href="https://www.amazon.com/dp/B0CC6T1BXL?tag=eloabder-20&linkCode=osi&th=1&psc=1">View Product</a></div>
<div class="product"><a href="https://www.amazon.com/dp/B0CC6VPJ9T?tag=eloabder-20&linkCode=osi&th=1&psc=1"><img src="https://m.media-amazon.com/images/I/51QfOhhRTAL._SL500_.jpg" alt="Product Image"></a><p>Hanes Boys' Big Performance Tween Boxer Brief Pack, X-Temp Mesh Underwear, Assorted, Black/Blue/Green/Grey - 6 Pack, Small</p><p>$15.29</p><a href="https://www.amazon.com/dp/B0CC6VPJ9T?tag=eloabder-20&linkCode=osi&th=1&psc=1">View Product</a></div><div class="product"><a href="https://www.amazon.com/dp/B0BHX9MGTV?tag=eloabder-20&linkCode=osi&th=1&psc=1"><img src="https://m.media-amazon.com/images/I/41xmYCCb5TL._SL500_.jpg" alt="Product Image"></a><p>Hanes Men's Boys Boxer Briefs Pack, Cool Comfort Tagless Underwear, 7-Pack, Assorted, Large</p><p>$13.00</p><a href="https://www.amazon.com/dp/B0BHX9MGTV?tag=eloabder-20&linkCode=osi&th=1&psc=1">View Product</a></div><div class="product"><a href="https://www.amazon.com/dp/B071JVXMBW?tag=eloabder-20&linkCode=osi&th=1&psc=1"><img src="https://m.media-amazon.com/images/I/41dDO730qNL._SL500_.jpg" alt="Product Image"></a><p>Hanes Boys' and Toddler Underwear, Comfort Flex and ComfortSoft Boxer Briefs, Multiple Packs Available, Assorted-7 Pack, Large</p><p>$13.00</p><a href="https://www.amazon.com/dp/B071JVXMBW?tag=eloabder-20&linkCode=osi&th=1&psc=1">View Product</a></div>
<div class="product"><a href="https://www.amazon.com/dp/B0BHX978MW?tag=eloabder-20&linkCode=osi&th=1&psc=1"><img src="https://m.media-amazon.com/images/I/41DVOhGuwJL._SL500_.jpg" alt="Product Image"></a><p>Hanes Boys' and Toddler Underwear, Comfort Flex and ComfortSoft Boxer Briefs, Multiple Packs Available, Solids/Prints Assorted-pack of 10, Large</p><p>$18.49</p><a href="https://www.amazon.com/dp/B0BHX978MW?tag=eloabder-20&linkCode=osi&th=1&psc=1">View Product</a></div>
<div class="product"><a href="https://www.amazon.com/dp/B0BHXBJPZ6?tag=eloabder-20&linkCode=osi&th=1&psc=1"><img src="https://m.media-amazon.com/images/I/41xmYCCb5TL._SL500_.jpg" alt="Product Image"></a><p>Hanes Men's Boys Boxer Briefs Pack, Cool Comfort Tagless Underwear, 7-Pack, Assorted, Small</p><p>$13.00</p><a href="https://www.amazon.com/dp/B0BHXBJPZ6?tag=eloabder-20&linkCode=osi&th=1&psc=1">View Product</a></div><div class="product"><a href="https://www.amazon.com/dp/B07T9FYQS8?tag=eloabder-20&linkCode=osi&th=1&psc=1"><img src="https://m.media-amazon.com/images/I/41hpu+H+4BS._SL500_.jpg" alt="Product Image"></a><p>Hanes Boys' X-Temp Boxer Briefs, Moisture Wicking Breathable Underwear, Tagless, Assorted 6 Pack, Medium</p><p>$14.45</p><a href="https://www.amazon.com/dp/B07T9FYQS8?tag=eloabder-20&linkCode=osi&th=1&psc=1">View Product</a></div>
<div class="product"><a href="https://www.amazon.com/dp/B00S4GMSOI?tag=eloabder-20&linkCode=osi&th=1&psc=1"><img src="https://m.media-amazon.com/images/I/31iFPCkYcTL._SL500_.jpg" alt="Product Image"></a><p>Hanes Boys Socks, Double Tough Cushioned Crew 12-pair Packs Athletic-socks, White/Grey Bottom, Large US</p><p>$9.99</p><a href="https://www.amazon.com/dp/B00S4GMSOI?tag=eloabder-20&linkCode=osi&th=1&psc=1">View Product</a></div>



























<div class="product"><a href="https://www.amazon.com/dp/B07VWPNFMD?tag=eloabder-20&linkCode=osi&th=1&psc=1"><img src="https://m.media-amazon.com/images/I/41LJTb0eozL._SL500_.jpg" alt="Product Image"></a><p>Under Armour Youth Training Cotton Crew Socks, Multipairs , Black (6-Pairs) , Small</p><p>$17.99</p><a href="https://www.amazon.com/dp/B07VWPNFMD?tag=eloabder-20&linkCode=osi&th=1&psc=1">View Product</a></div>
<div class="product"><a href="https://www.amazon.com/dp/B00BXFGBAY?tag=eloabder-20&linkCode=osi&th=1&psc=1"><img src="https://m.media-amazon.com/images/I/31u+gpU4SqL._SL500_.jpg" alt="Product Image"></a><p>PHILIP B. Gentle Conditioning Shampoo 32 oz. (947 ml) | Light-weight Hair Moisturizer, Protecting Color, Adds Softness and Shine</p><p>$115.00 ($3.59 / Fl Oz)</p><a href="https://www.amazon.com/dp/B00BXFGBAY?tag=eloabder-20&linkCode=osi&th=1&psc=1">View Product</a></div>


<div class="product"><a href="https://www.amazon.com/dp/B07P9RWTVK?tag=eloabder-20&linkCode=osi&th=1&psc=1"><img src="https://m.media-amazon.com/images/I/51UYs9+XaEL._SL500_.jpg" alt="Product Image"></a><p>Cczmfeas Boys Toddler Dinosaur Cotton Underwear Boxer Briefs 6 Pack (6-8 Years, C- 6 Pack) Navy</p><p>$14.99</p><a href="https://www.amazon.com/dp/B07P9RWTVK?tag=eloabder-20&linkCode=osi&th=1&psc=1">View Product</a></div>





















<div class="product"><a href="https://www.amazon.com/dp/B07JXFXFDN?tag=eloabder-20&linkCode=osi&th=1&psc=1"><img src="https://m.media-amazon.com/images/I/31cedI+SL+L._SL500_.jpg" alt="Product Image"></a><p>Amazon Essentials Boys' Cotton Crew Sports Socks, 10 Pairs, White Stripe, Medium</p><p>$13.30</p><a href="https://www.amazon.com/dp/B07JXFXFDN?tag=eloabder-20&linkCode=osi&th=1&psc=1">View Product</a></div><div class="product"><a href="https://www.amazon.com/dp/B07JL9J6NW?tag=eloabder-20&linkCode=osi&th=1&psc=1"><img src="https://m.media-amazon.com/images/I/31TqyKO3LzL._SL500_.jpg" alt="Product Image"></a><p>Amazon Essentials Unisex Kids' Cotton Crew Socks, 10 Pairs, White/Grey, Large</p><p>$11.40</p><a href="https://www.amazon.com/dp/B07JL9J6NW?tag=eloabder-20&linkCode=osi&th=1&psc=1">View Product</a></div>








































<div class="product"><a href="https://www.amazon.com/dp/B00VTVE4Z6?tag=eloabder-20&linkCode=osi&th=1&psc=1"><img src="https://m.media-amazon.com/images/I/21Gp9b3ASJL._SL500_.jpg" alt="Product Image"></a><p>Fruit Of The Loom Boys Eversoft Cotton Undershirts, T Shirts & Tank Tops Underwear, T Shirt - Boys - 5 Pack - White, X-Large US</p><p>$9.99</p><a href="https://www.amazon.com/dp/B00VTVE4Z6?tag=eloabder-20&linkCode=osi&th=1&psc=1">View Product</a></div>

<div class="product"><a href="https://www.amazon.com/dp/B07T8C2FGP?tag=eloabder-20&linkCode=osi&th=1&psc=1"><img src="https://m.media-amazon.com/images/I/11REPowhbuL._SL500_.jpg" alt="Product Image"></a><p>Hanes Boys' Tank Undershirt, EcoSmart Cotton Shirt, Multiple Packs Available, White, Small</p><p>$9.00</p><a href="https://www.amazon.com/dp/B07T8C2FGP?tag=eloabder-20&linkCode=osi&th=1&psc=1">View Product</a></div><div class="product"><a href="https://www.amazon.com/dp/B07GLLY1B5?tag=eloabder-20&linkCode=osi&th=1&psc=1"><img src="https://m.media-amazon.com/images/I/21jImswBMOL._SL500_.jpg" alt="Product Image"></a><p>Fruit Of The Loom Boys Eversoft Cotton Undershirts, T Shirts & Tank Tops Underwear, Tank - Boys - 10 Pack - White, Small US</p><p>$18.99</p><a href="https://www.amazon.com/dp/B07GLLY1B5?tag=eloabder-20&linkCode=osi&th=1&psc=1">View Product</a></div>

















<div class="product"><a href="https://www.amazon.com/dp/B0CC6T1BXL?tag=eloabder-20&linkCode=osi&th=1&psc=1"><img src="https://m.media-amazon.com/images/I/51QfOhhRTAL._SL500_.jpg" alt="Product Image"></a><p>Hanes Boys' Big Performance Tween Boxer Brief Pack, X-Temp Mesh Underwear, Assorted, 6-Pack, Black/Blue/Green/Grey-6 Pack, X-Large</p><p>$16.13</p><a href="https://www.amazon.com/dp/B0CC6T1BXL?tag=eloabder-20&linkCode=osi&th=1&psc=1">View Product</a></div>
<div class="product"><a href="https://www.amazon.com/dp/B0CC6VPJ9T?tag=eloabder-20&linkCode=osi&th=1&psc=1"><img src="https://m.media-amazon.com/images/I/51QfOhhRTAL._SL500_.jpg" alt="Product Image"></a><p>Hanes Boys' Big Performance Tween Boxer Brief Pack, X-Temp Mesh Underwear, Assorted, Black/Blue/Green/Grey - 6 Pack, Small</p><p>$15.29</p><a href="https://www.amazon.com/dp/B0CC6VPJ9T?tag=eloabder-20&linkCode=osi&th=1&psc=1">View Product</a></div><div class="product"><a href="https://www.amazon.com/dp/B0BHX9MGTV?tag=eloabder-20&linkCode=osi&th=1&psc=1"><img src="https://m.media-amazon.com/images/I/41xmYCCb5TL._SL500_.jpg" alt="Product Image"></a><p>Hanes Men's Boys Boxer Briefs Pack, Cool Comfort Tagless Underwear, 7-Pack, Assorted, Large</p><p>$13.00</p><a href="https://www.amazon.com/dp/B0BHX9MGTV?tag=eloabder-20&linkCode=osi&th=1&psc=1">View Product</a></div><div class="product"><a href="https://www.amazon.com/dp/B071JVXMBW?tag=eloabder-20&linkCode=osi&th=1&psc=1"><img src="https://m.media-amazon.com/images/I/41dDO730qNL._SL500_.jpg" alt="Product Image"></a><p>Hanes Boys' and Toddler Underwear, Comfort Flex and ComfortSoft Boxer Briefs, Multiple Packs Available, Assorted-7 Pack, Large</p><p>$13.00</p><a href="https://www.amazon.com/dp/B071JVXMBW?tag=eloabder-20&linkCode=osi&th=1&psc=1">View Product</a></div>
<div class="product"><a href="https://www.amazon.com/dp/B0BHX978MW?tag=eloabder-20&linkCode=osi&th=1&psc=1"><img src="https://m.media-amazon.com/images/I/41DVOhGuwJL._SL500_.jpg" alt="Product Image"></a><p>Hanes Boys' and Toddler Underwear, Comfort Flex and ComfortSoft Boxer Briefs, Multiple Packs Available, Solids/Prints Assorted-pack of 10, Large</p><p>$18.49</p><a href="https://www.amazon.com/dp/B0BHX978MW?tag=eloabder-20&linkCode=osi&th=1&psc=1">View Product</a></div>
<div class="product"><a href="https://www.amazon.com/dp/B0BHXBJPZ6?tag=eloabder-20&linkCode=osi&th=1&psc=1"><img src="https://m.media-amazon.com/images/I/41xmYCCb5TL._SL500_.jpg" alt="Product Image"></a><p>Hanes Men's Boys Boxer Briefs Pack, Cool Comfort Tagless Underwear, 7-Pack, Assorted, Small</p><p>$13.00</p><a href="https://www.amazon.com/dp/B0BHXBJPZ6?tag=eloabder-20&linkCode=osi&th=1&psc=1">View Product</a></div><div class="product"><a href="https://www.amazon.com/dp/B07T9FYQS8?tag=eloabder-20&linkCode=osi&th=1&psc=1"><img src="https://m.media-amazon.com/images/I/41hpu+H+4BS._SL500_.jpg" alt="Product Image"></a><p>Hanes Boys' X-Temp Boxer Briefs, Moisture Wicking Breathable Underwear, Tagless, Assorted 6 Pack, Medium</p><p>$14.45</p><a href="https://www.amazon.com/dp/B07T9FYQS8?tag=eloabder-20&linkCode=osi&th=1&psc=1">View Product</a></div>
<div class="product"><a href="https://www.amazon.com/dp/B00S4GMSOI?tag=eloabder-20&linkCode=osi&th=1&psc=1"><img src="https://m.media-amazon.com/images/I/31iFPCkYcTL._SL500_.jpg" alt="Product Image"></a><p>Hanes Boys Socks, Double Tough Cushioned Crew 12-pair Packs Athletic-socks, White/Grey Bottom, Large US</p><p>$9.99</p><a href="https://www.amazon.com/dp/B00S4GMSOI?tag=eloabder-20&linkCode=osi&th=1&psc=1">View Product</a></div>



























<div class="product"><a href="https://www.amazon.com/dp/B07VWPNFMD?tag=eloabder-20&linkCode=osi&th=1&psc=1"><img src="https://m.media-amazon.com/images/I/41LJTb0eozL._SL500_.jpg" alt="Product Image"></a><p>Under Armour Youth Training Cotton Crew Socks, Multipairs , Black (6-Pairs) , Small</p><p>$17.99</p><a href="https://www.amazon.com/dp/B07VWPNFMD?tag=eloabder-20&linkCode=osi&th=1&psc=1">View Product</a></div>
<div class="product"><a href="https://www.amazon.com/dp/B00BXFGBAY?tag=eloabder-20&linkCode=osi&th=1&psc=1"><img src="https://m.media-amazon.com/images/I/31u+gpU4SqL._SL500_.jpg" alt="Product Image"></a><p>PHILIP B. Gentle Conditioning Shampoo 32 oz. (947 ml) | Light-weight Hair Moisturizer, Protecting Color, Adds Softness and Shine</p><p>$115.00 ($3.59 / Fl Oz)</p><a href="https://www.amazon.com/dp/B00BXFGBAY?tag=eloabder-20&linkCode=osi&th=1&psc=1">View Product</a></div>


<div class="product"><a href="https://www.amazon.com/dp/B07P9RWTVK?tag=eloabder-20&linkCode=osi&th=1&psc=1"><img src="https://m.media-amazon.com/images/I/51UYs9+XaEL._SL500_.jpg" alt="Product Image"></a><p>Cczmfeas Boys Toddler Dinosaur Cotton Underwear Boxer Briefs 6 Pack (6-8 Years, C- 6 Pack) Navy</p><p>$14.99</p><a href="https://www.amazon.com/dp/B07P9RWTVK?tag=eloabder-20&linkCode=osi&th=1&psc=1">View Product</a></div>





















<div class="product"><a href="https://www.amazon.com/dp/B07JXFXFDN?tag=eloabder-20&linkCode=osi&th=1&psc=1"><img src="https://m.media-amazon.com/images/I/31cedI+SL+L._SL500_.jpg" alt="Product Image"></a><p>Amazon Essentials Boys' Cotton Crew Sports Socks, 10 Pairs, White Stripe, Medium</p><p>$13.30</p><a href="https://www.amazon.com/dp/B07JXFXFDN?tag=eloabder-20&linkCode=osi&th=1&psc=1">View Product</a></div><div class="product"><a href="https://www.amazon.com/dp/B07JL9J6NW?tag=eloabder-20&linkCode=osi&th=1&psc=1"><img src="https://m.media-amazon.com/images/I/31TqyKO3LzL._SL500_.jpg" alt="Product Image"></a><p>Amazon Essentials Unisex Kids' Cotton Crew Socks, 10 Pairs, White/Grey, Large</p><p>$11.40</p><a href="https://www.amazon.com/dp/B07JL9J6NW?tag=eloabder-20&linkCode=osi&th=1&psc=1">View Product</a></div>









































<div class="product"><a href="https://www.amazon.com/dp/B00VTVE4Z6?tag=eloabder-20&linkCode=osi&th=1&psc=1"><img src="https://m.media-amazon.com/images/I/21Gp9b3ASJL._SL500_.jpg" alt="Product Image"></a><p>Fruit Of The Loom Boys Eversoft Cotton Undershirts, T Shirts & Tank Tops Underwear, T Shirt - Boys - 5 Pack - White, X-Large US</p><p>$9.99</p><a href="https://www.amazon.com/dp/B00VTVE4Z6?tag=eloabder-20&linkCode=osi&th=1&psc=1">View Product</a></div>

<div class="product"><a href="https://www.amazon.com/dp/B07T8C2FGP?tag=eloabder-20&linkCode=osi&th=1&psc=1"><img src="https://m.media-amazon.com/images/I/11REPowhbuL._SL500_.jpg" alt="Product Image"></a><p>Hanes Boys' Tank Undershirt, EcoSmart Cotton Shirt, Multiple Packs Available, White, Small</p><p>$9.00</p><a href="https://www.amazon.com/dp/B07T8C2FGP?tag=eloabder-20&linkCode=osi&th=1&psc=1">View Product</a></div><div class="product"><a href="https://www.amazon.com/dp/B07GLLY1B5?tag=eloabder-20&linkCode=osi&th=1&psc=1"><img src="https://m.media-amazon.com/images/I/21jImswBMOL._SL500_.jpg" alt="Product Image"></a><p>Fruit Of The Loom Boys Eversoft Cotton Undershirts, T Shirts & Tank Tops Underwear, Tank - Boys - 10 Pack - White, Small US</p><p>$18.99</p><a href="https://www.amazon.com/dp/B07GLLY1B5?tag=eloabder-20&linkCode=osi&th=1&psc=1">View Product</a></div>

















<div class="product"><a href="https://www.amazon.com/dp/B0CC6T1BXL?tag=eloabder-20&linkCode=osi&th=1&psc=1"><img src="https://m.media-amazon.com/images/I/51QfOhhRTAL._SL500_.jpg" alt="Product Image"></a><p>Hanes Boys' Big Performance Tween Boxer Brief Pack, X-Temp Mesh Underwear, Assorted, 6-Pack, Black/Blue/Green/Grey-6 Pack, X-Large</p><p>$16.13</p><a href="https://www.amazon.com/dp/B0CC6T1BXL?tag=eloabder-20&linkCode=osi&th=1&psc=1">View Product</a></div>
<div class="product"><a href="https://www.amazon.com/dp/B0CC6VPJ9T?tag=eloabder-20&linkCode=osi&th=1&psc=1"><img src="https://m.media-amazon.com/images/I/51QfOhhRTAL._SL500_.jpg" alt="Product Image"></a><p>Hanes Boys' Big Performance Tween Boxer Brief Pack, X-Temp Mesh Underwear, Assorted, Black/Blue/Green/Grey - 6 Pack, Small</p><p>$15.29</p><a href="https://www.amazon.com/dp/B0CC6VPJ9T?tag=eloabder-20&linkCode=osi&th=1&psc=1">View Product</a></div><div class="product"><a href="https://www.amazon.com/dp/B0BHX9MGTV?tag=eloabder-20&linkCode=osi&th=1&psc=1"><img src="https://m.media-amazon.com/images/I/41xmYCCb5TL._SL500_.jpg" alt="Product Image"></a><p>Hanes Men's Boys Boxer Briefs Pack, Cool Comfort Tagless Underwear, 7-Pack, Assorted, Large</p><p>$13.00</p><a href="https://www.amazon.com/dp/B0BHX9MGTV?tag=eloabder-20&linkCode=osi&th=1&psc=1">View Product</a></div><div class="product"><a href="https://www.amazon.com/dp/B071JVXMBW?tag=eloabder-20&linkCode=osi&th=1&psc=1"><img src="https://m.media-amazon.com/images/I/41dDO730qNL._SL500_.jpg" alt="Product Image"></a><p>Hanes Boys' and Toddler Underwear, Comfort Flex and ComfortSoft Boxer Briefs, Multiple Packs Available, Assorted-7 Pack, Large</p><p>$13.00</p><a href="https://www.amazon.com/dp/B071JVXMBW?tag=eloabder-20&linkCode=osi&th=1&psc=1">View Product</a></div>
<div class="product"><a href="https://www.amazon.com/dp/B0BHX978MW?tag=eloabder-20&linkCode=osi&th=1&psc=1"><img src="https://m.media-amazon.com/images/I/41DVOhGuwJL._SL500_.jpg" alt="Product Image"></a><p>Hanes Boys' and Toddler Underwear, Comfort Flex and ComfortSoft Boxer Briefs, Multiple Packs Available, Solids/Prints Assorted-pack of 10, Large</p><p>$18.49</p><a href="https://www.amazon.com/dp/B0BHX978MW?tag=eloabder-20&linkCode=osi&th=1&psc=1">View Product</a></div>
<div class="product"><a href="https://www.amazon.com/dp/B0BHXBJPZ6?tag=eloabder-20&linkCode=osi&th=1&psc=1"><img src="https://m.media-amazon.com/images/I/41xmYCCb5TL._SL500_.jpg" alt="Product Image"></a><p>Hanes Men's Boys Boxer Briefs Pack, Cool Comfort Tagless Underwear, 7-Pack, Assorted, Small</p><p>$13.00</p><a href="https://www.amazon.com/dp/B0BHXBJPZ6?tag=eloabder-20&linkCode=osi&th=1&psc=1">View Product</a></div><div class="product"><a href="https://www.amazon.com/dp/B07T9FYQS8?tag=eloabder-20&linkCode=osi&th=1&psc=1"><img src="https://m.media-amazon.com/images/I/41hpu+H+4BS._SL500_.jpg" alt="Product Image"></a><p>Hanes Boys' X-Temp Boxer Briefs, Moisture Wicking Breathable Underwear, Tagless, Assorted 6 Pack, Medium</p><p>$14.45</p><a href="https://www.amazon.com/dp/B07T9FYQS8?tag=eloabder-20&linkCode=osi&th=1&psc=1">View Product</a></div>
<div class="product"><a href="https://www.amazon.com/dp/B00S4GMSOI?tag=eloabder-20&linkCode=osi&th=1&psc=1"><img src="https://m.media-amazon.com/images/I/31iFPCkYcTL._SL500_.jpg" alt="Product Image"></a><p>Hanes Boys Socks, Double Tough Cushioned Crew 12-pair Packs Athletic-socks, White/Grey Bottom, Large US</p><p>$9.99</p><a href="https://www.amazon.com/dp/B00S4GMSOI?tag=eloabder-20&linkCode=osi&th=1&psc=1">View Product</a></div>



























<div class="product"><a href="https://www.amazon.com/dp/B07VWPNFMD?tag=eloabder-20&linkCode=osi&th=1&psc=1"><img src="https://m.media-amazon.com/images/I/41LJTb0eozL._SL500_.jpg" alt="Product Image"></a><p>Under Armour Youth Training Cotton Crew Socks, Multipairs , Black (6-Pairs) , Small</p><p>$17.99</p><a href="https://www.amazon.com/dp/B07VWPNFMD?tag=eloabder-20&linkCode=osi&th=1&psc=1">View Product</a></div>
<div class="product"><a href="https://www.amazon.com/dp/B00BXFGBAY?tag=eloabder-20&linkCode=osi&th=1&psc=1"><img src="https://m.media-amazon.com/images/I/31u+gpU4SqL._SL500_.jpg" alt="Product Image"></a><p>PHILIP B. Gentle Conditioning Shampoo 32 oz. (947 ml) | Light-weight Hair Moisturizer, Protecting Color, Adds Softness and Shine</p><p>$115.00 ($3.59 / Fl Oz)</p><a href="https://www.amazon.com/dp/B00BXFGBAY?tag=eloabder-20&linkCode=osi&th=1&psc=1">View Product</a></div>


<div class="product"><a href="https://www.amazon.com/dp/B07P9RWTVK?tag=eloabder-20&linkCode=osi&th=1&psc=1"><img src="https://m.media-amazon.com/images/I/51UYs9+XaEL._SL500_.jpg" alt="Product Image"></a><p>Cczmfeas Boys Toddler Dinosaur Cotton Underwear Boxer Briefs 6 Pack (6-8 Years, C- 6 Pack) Navy</p><p>$14.99</p><a href="https://www.amazon.com/dp/B07P9RWTVK?tag=eloabder-20&linkCode=osi&th=1&psc=1">View Product</a></div>





















<div class="product"><a href="https://www.amazon.com/dp/B07JXFXFDN?tag=eloabder-20&linkCode=osi&th=1&psc=1"><img src="https://m.media-amazon.com/images/I/31cedI+SL+L._SL500_.jpg" alt="Product Image"></a><p>Amazon Essentials Boys' Cotton Crew Sports Socks, 10 Pairs, White Stripe, Medium</p><p>$13.30</p><a href="https://www.amazon.com/dp/B07JXFXFDN?tag=eloabder-20&linkCode=osi&th=1&psc=1">View Product</a></div><div class="product"><a href="https://www.amazon.com/dp/B07JL9J6NW?tag=eloabder-20&linkCode=osi&th=1&psc=1"><img src="https://m.media-amazon.com/images/I/31TqyKO3LzL._SL500_.jpg" alt="Product Image"></a><p>Amazon Essentials Unisex Kids' Cotton Crew Socks, 10 Pairs, White/Grey, Large</p><p>$11.40</p><a href="https://www.amazon.com/dp/B07JL9J6NW?tag=eloabder-20&linkCode=osi&th=1&psc=1">View Product</a></div>










































<div class="product"><a href="https://www.amazon.com/dp/B00VTVE4Z6?tag=eloabder-20&linkCode=osi&th=1&psc=1"><img src="https://m.media-amazon.com/images/I/21Gp9b3ASJL._SL500_.jpg" alt="Product Image"></a><p>Fruit Of The Loom Boys Eversoft Cotton Undershirts, T Shirts & Tank Tops Underwear, T Shirt - Boys - 5 Pack - White, X-Large US</p><p>$9.99</p><a href="https://www.amazon.com/dp/B00VTVE4Z6?tag=eloabder-20&linkCode=osi&th=1&psc=1">View Product</a></div>

<div class="product"><a href="https://www.amazon.com/dp/B07T8C2FGP?tag=eloabder-20&linkCode=osi&th=1&psc=1"><img src="https://m.media-amazon.com/images/I/11REPowhbuL._SL500_.jpg" alt="Product Image"></a><p>Hanes Boys' Tank Undershirt, EcoSmart Cotton Shirt, Multiple Packs Available, White, Small</p><p>$9.00</p><a href="https://www.amazon.com/dp/B07T8C2FGP?tag=eloabder-20&linkCode=osi&th=1&psc=1">View Product</a></div><div class="product"><a href="https://www.amazon.com/dp/B07GLLY1B5?tag=eloabder-20&linkCode=osi&th=1&psc=1"><img src="https://m.media-amazon.com/images/I/21jImswBMOL._SL500_.jpg" alt="Product Image"></a><p>Fruit Of The Loom Boys Eversoft Cotton Undershirts, T Shirts & Tank Tops Underwear, Tank - Boys - 10 Pack - White, Small US</p><p>$18.99</p><a href="https://www.amazon.com/dp/B07GLLY1B5?tag=eloabder-20&linkCode=osi&th=1&psc=1">View Product</a></div>

















<div class="product"><a href="https://www.amazon.com/dp/B0CC6T1BXL?tag=eloabder-20&linkCode=osi&th=1&psc=1"><img src="https://m.media-amazon.com/images/I/51QfOhhRTAL._SL500_.jpg" alt="Product Image"></a><p>Hanes Boys' Big Performance Tween Boxer Brief Pack, X-Temp Mesh Underwear, Assorted, 6-Pack, Black/Blue/Green/Grey-6 Pack, X-Large</p><p>$16.13</p><a href="https://www.amazon.com/dp/B0CC6T1BXL?tag=eloabder-20&linkCode=osi&th=1&psc=1">View Product</a></div>
<div class="product"><a href="https://www.amazon.com/dp/B0CC6VPJ9T?tag=eloabder-20&linkCode=osi&th=1&psc=1"><img src="https://m.media-amazon.com/images/I/51QfOhhRTAL._SL500_.jpg" alt="Product Image"></a><p>Hanes Boys' Big Performance Tween Boxer Brief Pack, X-Temp Mesh Underwear, Assorted, Black/Blue/Green/Grey - 6 Pack, Small</p><p>$15.29</p><a href="https://www.amazon.com/dp/B0CC6VPJ9T?tag=eloabder-20&linkCode=osi&th=1&psc=1">View Product</a></div><div class="product"><a href="https://www.amazon.com/dp/B0BHX9MGTV?tag=eloabder-20&linkCode=osi&th=1&psc=1"><img src="https://m.media-amazon.com/images/I/41xmYCCb5TL._SL500_.jpg" alt="Product Image"></a><p>Hanes Men's Boys Boxer Briefs Pack, Cool Comfort Tagless Underwear, 7-Pack, Assorted, Large</p><p>$13.00</p><a href="https://www.amazon.com/dp/B0BHX9MGTV?tag=eloabder-20&linkCode=osi&th=1&psc=1">View Product</a></div><div class="product"><a href="https://www.amazon.com/dp/B071JVXMBW?tag=eloabder-20&linkCode=osi&th=1&psc=1"><img src="https://m.media-amazon.com/images/I/41dDO730qNL._SL500_.jpg" alt="Product Image"></a><p>Hanes Boys' and Toddler Underwear, Comfort Flex and ComfortSoft Boxer Briefs, Multiple Packs Available, Assorted-7 Pack, Large</p><p>$13.00</p><a href="https://www.amazon.com/dp/B071JVXMBW?tag=eloabder-20&linkCode=osi&th=1&psc=1">View Product</a></div>
<div class="product"><a href="https://www.amazon.com/dp/B0BHX978MW?tag=eloabder-20&linkCode=osi&th=1&psc=1"><img src="https://m.media-amazon.com/images/I/41DVOhGuwJL._SL500_.jpg" alt="Product Image"></a><p>Hanes Boys' and Toddler Underwear, Comfort Flex and ComfortSoft Boxer Briefs, Multiple Packs Available, Solids/Prints Assorted-pack of 10, Large</p><p>$18.49</p><a href="https://www.amazon.com/dp/B0BHX978MW?tag=eloabder-20&linkCode=osi&th=1&psc=1">View Product</a></div>
<div class="product"><a href="https://www.amazon.com/dp/B0BHXBJPZ6?tag=eloabder-20&linkCode=osi&th=1&psc=1"><img src="https://m.media-amazon.com/images/I/41xmYCCb5TL._SL500_.jpg" alt="Product Image"></a><p>Hanes Men's Boys Boxer Briefs Pack, Cool Comfort Tagless Underwear, 7-Pack, Assorted, Small</p><p>$13.00</p><a href="https://www.amazon.com/dp/B0BHXBJPZ6?tag=eloabder-20&linkCode=osi&th=1&psc=1">View Product</a></div><div class="product"><a href="https://www.amazon.com/dp/B07T9FYQS8?tag=eloabder-20&linkCode=osi&th=1&psc=1"><img src="https://m.media-amazon.com/images/I/41hpu+H+4BS._SL500_.jpg" alt="Product Image"></a><p>Hanes Boys' X-Temp Boxer Briefs, Moisture Wicking Breathable Underwear, Tagless, Assorted 6 Pack, Medium</p><p>$14.45</p><a href="https://www.amazon.com/dp/B07T9FYQS8?tag=eloabder-20&linkCode=osi&th=1&psc=1">View Product</a></div>
<div class="product"><a href="https://www.amazon.com/dp/B00S4GMSOI?tag=eloabder-20&linkCode=osi&th=1&psc=1"><img src="https://m.media-amazon.com/images/I/31iFPCkYcTL._SL500_.jpg" alt="Product Image"></a><p>Hanes Boys Socks, Double Tough Cushioned Crew 12-pair Packs Athletic-socks, White/Grey Bottom, Large US</p><p>$9.99</p><a href="https://www.amazon.com/dp/B00S4GMSOI?tag=eloabder-20&linkCode=osi&th=1&psc=1">View Product</a></div>



























<div class="product"><a href="https://www.amazon.com/dp/B07VWPNFMD?tag=eloabder-20&linkCode=osi&th=1&psc=1"><img src="https://m.media-amazon.com/images/I/41LJTb0eozL._SL500_.jpg" alt="Product Image"></a><p>Under Armour Youth Training Cotton Crew Socks, Multipairs , Black (6-Pairs) , Small</p><p>$17.99</p><a href="https://www.amazon.com/dp/B07VWPNFMD?tag=eloabder-20&linkCode=osi&th=1&psc=1">View Product</a></div>
<div class="product"><a href="https://www.amazon.com/dp/B00BXFGBAY?tag=eloabder-20&linkCode=osi&th=1&psc=1"><img src="https://m.media-amazon.com/images/I/31u+gpU4SqL._SL500_.jpg" alt="Product Image"></a><p>PHILIP B. Gentle Conditioning Shampoo 32 oz. (947 ml) | Light-weight Hair Moisturizer, Protecting Color, Adds Softness and Shine</p><p>$115.00 ($3.59 / Fl Oz)</p><a href="https://www.amazon.com/dp/B00BXFGBAY?tag=eloabder-20&linkCode=osi&th=1&psc=1">View Product</a></div>


<div class="product"><a href="https://www.amazon.com/dp/B07P9RWTVK?tag=eloabder-20&linkCode=osi&th=1&psc=1"><img src="https://m.media-amazon.com/images/I/51UYs9+XaEL._SL500_.jpg" alt="Product Image"></a><p>Cczmfeas Boys Toddler Dinosaur Cotton Underwear Boxer Briefs 6 Pack (6-8 Years, C- 6 Pack) Navy</p><p>$14.99</p><a href="https://www.amazon.com/dp/B07P9RWTVK?tag=eloabder-20&linkCode=osi&th=1&psc=1">View Product</a></div>





















<div class="product"><a href="https://www.amazon.com/dp/B07JXFXFDN?tag=eloabder-20&linkCode=osi&th=1&psc=1"><img src="https://m.media-amazon.com/images/I/31cedI+SL+L._SL500_.jpg" alt="Product Image"></a><p>Amazon Essentials Boys' Cotton Crew Sports Socks, 10 Pairs, White Stripe, Medium</p><p>$13.30</p><a href="https://www.amazon.com/dp/B07JXFXFDN?tag=eloabder-20&linkCode=osi&th=1&psc=1">View Product</a></div><div class="product"><a href="https://www.amazon.com/dp/B07JL9J6NW?tag=eloabder-20&linkCode=osi&th=1&psc=1"><img src="https://m.media-amazon.com/images/I/31TqyKO3LzL._SL500_.jpg" alt="Product Image"></a><p>Amazon Essentials Unisex Kids' Cotton Crew Socks, 10 Pairs, White/Grey, Large</p><p>$11.40</p><a href="https://www.amazon.com/dp/B07JL9J6NW?tag=eloabder-20&linkCode=osi&th=1&psc=1">View Product</a></div>











































<div class="product"><a href="https://www.amazon.com/dp/B00VTVE4Z6?tag=eloabder-20&linkCode=osi&th=1&psc=1"><img src="https://m.media-amazon.com/images/I/21Gp9b3ASJL._SL500_.jpg" alt="Product Image"></a><p>Fruit Of The Loom Boys Eversoft Cotton Undershirts, T Shirts & Tank Tops Underwear, T Shirt - Boys - 5 Pack - White, X-Large US</p><p>$9.99</p><a href="https://www.amazon.com/dp/B00VTVE4Z6?tag=eloabder-20&linkCode=osi&th=1&psc=1">View Product</a></div>

<div class="product"><a href="https://www.amazon.com/dp/B07T8C2FGP?tag=eloabder-20&linkCode=osi&th=1&psc=1"><img src="https://m.media-amazon.com/images/I/11REPowhbuL._SL500_.jpg" alt="Product Image"></a><p>Hanes Boys' Tank Undershirt, EcoSmart Cotton Shirt, Multiple Packs Available, White, Small</p><p>$9.00</p><a href="https://www.amazon.com/dp/B07T8C2FGP?tag=eloabder-20&linkCode=osi&th=1&psc=1">View Product</a></div><div class="product"><a href="https://www.amazon.com/dp/B07GLLY1B5?tag=eloabder-20&linkCode=osi&th=1&psc=1"><img src="https://m.media-amazon.com/images/I/21jImswBMOL._SL500_.jpg" alt="Product Image"></a><p>Fruit Of The Loom Boys Eversoft Cotton Undershirts, T Shirts & Tank Tops Underwear, Tank - Boys - 10 Pack - White, Small US</p><p>$18.99</p><a href="https://www.amazon.com/dp/B07GLLY1B5?tag=eloabder-20&linkCode=osi&th=1&psc=1">View Product</a></div>

















<div class="product"><a href="https://www.amazon.com/dp/B0CC6T1BXL?tag=eloabder-20&linkCode=osi&th=1&psc=1"><img src="https://m.media-amazon.com/images/I/51QfOhhRTAL._SL500_.jpg" alt="Product Image"></a><p>Hanes Boys' Big Performance Tween Boxer Brief Pack, X-Temp Mesh Underwear, Assorted, 6-Pack, Black/Blue/Green/Grey-6 Pack, X-Large</p><p>$16.13</p><a href="https://www.amazon.com/dp/B0CC6T1BXL?tag=eloabder-20&linkCode=osi&th=1&psc=1">View Product</a></div>
<div class="product"><a href="https://www.amazon.com/dp/B0CC6VPJ9T?tag=eloabder-20&linkCode=osi&th=1&psc=1"><img src="https://m.media-amazon.com/images/I/51QfOhhRTAL._SL500_.jpg" alt="Product Image"></a><p>Hanes Boys' Big Performance Tween Boxer Brief Pack, X-Temp Mesh Underwear, Assorted, Black/Blue/Green/Grey - 6 Pack, Small</p><p>$15.29</p><a href="https://www.amazon.com/dp/B0CC6VPJ9T?tag=eloabder-20&linkCode=osi&th=1&psc=1">View Product</a></div><div class="product"><a href="https://www.amazon.com/dp/B0BHX9MGTV?tag=eloabder-20&linkCode=osi&th=1&psc=1"><img src="https://m.media-amazon.com/images/I/41xmYCCb5TL._SL500_.jpg" alt="Product Image"></a><p>Hanes Men's Boys Boxer Briefs Pack, Cool Comfort Tagless Underwear, 7-Pack, Assorted, Large</p><p>$13.00</p><a href="https://www.amazon.com/dp/B0BHX9MGTV?tag=eloabder-20&linkCode=osi&th=1&psc=1">View Product</a></div><div class="product"><a href="https://www.amazon.com/dp/B071JVXMBW?tag=eloabder-20&linkCode=osi&th=1&psc=1"><img src="https://m.media-amazon.com/images/I/41dDO730qNL._SL500_.jpg" alt="Product Image"></a><p>Hanes Boys' and Toddler Underwear, Comfort Flex and ComfortSoft Boxer Briefs, Multiple Packs Available, Assorted-7 Pack, Large</p><p>$13.00</p><a href="https://www.amazon.com/dp/B071JVXMBW?tag=eloabder-20&linkCode=osi&th=1&psc=1">View Product</a></div>
<div class="product"><a href="https://www.amazon.com/dp/B0BHX978MW?tag=eloabder-20&linkCode=osi&th=1&psc=1"><img src="https://m.media-amazon.com/images/I/41DVOhGuwJL._SL500_.jpg" alt="Product Image"></a><p>Hanes Boys' and Toddler Underwear, Comfort Flex and ComfortSoft Boxer Briefs, Multiple Packs Available, Solids/Prints Assorted-pack of 10, Large</p><p>$18.49</p><a href="https://www.amazon.com/dp/B0BHX978MW?tag=eloabder-20&linkCode=osi&th=1&psc=1">View Product</a></div>
<div class="product"><a href="https://www.amazon.com/dp/B0BHXBJPZ6?tag=eloabder-20&linkCode=osi&th=1&psc=1"><img src="https://m.media-amazon.com/images/I/41xmYCCb5TL._SL500_.jpg" alt="Product Image"></a><p>Hanes Men's Boys Boxer Briefs Pack, Cool Comfort Tagless Underwear, 7-Pack, Assorted, Small</p><p>$13.00</p><a href="https://www.amazon.com/dp/B0BHXBJPZ6?tag=eloabder-20&linkCode=osi&th=1&psc=1">View Product</a></div><div class="product"><a href="https://www.amazon.com/dp/B07T9FYQS8?tag=eloabder-20&linkCode=osi&th=1&psc=1"><img src="https://m.media-amazon.com/images/I/41hpu+H+4BS._SL500_.jpg" alt="Product Image"></a><p>Hanes Boys' X-Temp Boxer Briefs, Moisture Wicking Breathable Underwear, Tagless, Assorted 6 Pack, Medium</p><p>$14.45</p><a href="https://www.amazon.com/dp/B07T9FYQS8?tag=eloabder-20&linkCode=osi&th=1&psc=1">View Product</a></div>
<div class="product"><a href="https://www.amazon.com/dp/B00S4GMSOI?tag=eloabder-20&linkCode=osi&th=1&psc=1"><img src="https://m.media-amazon.com/images/I/31iFPCkYcTL._SL500_.jpg" alt="Product Image"></a><p>Hanes Boys Socks, Double Tough Cushioned Crew 12-pair Packs Athletic-socks, White/Grey Bottom, Large US</p><p>$9.99</p><a href="https://www.amazon.com/dp/B00S4GMSOI?tag=eloabder-20&linkCode=osi&th=1&psc=1">View Product</a></div>



























<div class="product"><a href="https://www.amazon.com/dp/B07VWPNFMD?tag=eloabder-20&linkCode=osi&th=1&psc=1"><img src="https://m.media-amazon.com/images/I/41LJTb0eozL._SL500_.jpg" alt="Product Image"></a><p>Under Armour Youth Training Cotton Crew Socks, Multipairs , Black (6-Pairs) , Small</p><p>$17.99</p><a href="https://www.amazon.com/dp/B07VWPNFMD?tag=eloabder-20&linkCode=osi&th=1&psc=1">View Product</a></div>
<div class="product"><a href="https://www.amazon.com/dp/B00BXFGBAY?tag=eloabder-20&linkCode=osi&th=1&psc=1"><img src="https://m.media-amazon.com/images/I/31u+gpU4SqL._SL500_.jpg" alt="Product Image"></a><p>PHILIP B. Gentle Conditioning Shampoo 32 oz. (947 ml) | Light-weight Hair Moisturizer, Protecting Color, Adds Softness and Shine</p><p>$115.00 ($3.59 / Fl Oz)</p><a href="https://www.amazon.com/dp/B00BXFGBAY?tag=eloabder-20&linkCode=osi&th=1&psc=1">View Product</a></div>


<div class="product"><a href="https://www.amazon.com/dp/B07P9RWTVK?tag=eloabder-20&linkCode=osi&th=1&psc=1"><img src="https://m.media-amazon.com/images/I/51UYs9+XaEL._SL500_.jpg" alt="Product Image"></a><p>Cczmfeas Boys Toddler Dinosaur Cotton Underwear Boxer Briefs 6 Pack (6-8 Years, C- 6 Pack) Navy</p><p>$14.99</p><a href="https://www.amazon.com/dp/B07P9RWTVK?tag=eloabder-20&linkCode=osi&th=1&psc=1">View Product</a></div>





















<div class="product"><a href="https://www.amazon.com/dp/B07JXFXFDN?tag=eloabder-20&linkCode=osi&th=1&psc=1"><img src="https://m.media-amazon.com/images/I/31cedI+SL+L._SL500_.jpg" alt="Product Image"></a><p>Amazon Essentials Boys' Cotton Crew Sports Socks, 10 Pairs, White Stripe, Medium</p><p>$13.30</p><a href="https://www.amazon.com/dp/B07JXFXFDN?tag=eloabder-20&linkCode=osi&th=1&psc=1">View Product</a></div><div class="product"><a href="https://www.amazon.com/dp/B07JL9J6NW?tag=eloabder-20&linkCode=osi&th=1&psc=1"><img src="https://m.media-amazon.com/images/I/31TqyKO3LzL._SL500_.jpg" alt="Product Image"></a><p>Amazon Essentials Unisex Kids' Cotton Crew Socks, 10 Pairs, White/Grey, Large</p><p>$11.40</p><a href="https://www.amazon.com/dp/B07JL9J6NW?tag=eloabder-20&linkCode=osi&th=1&psc=1">View Product</a></div>












































<div class="product"><a href="https://www.amazon.com/dp/B00VTVE4Z6?tag=eloabder-20&linkCode=osi&th=1&psc=1"><img src="https://m.media-amazon.com/images/I/21Gp9b3ASJL._SL500_.jpg" alt="Product Image"></a><p>Fruit Of The Loom Boys Eversoft Cotton Undershirts, T Shirts & Tank Tops Underwear, T Shirt - Boys - 5 Pack - White, X-Large US</p><p>$9.99</p><a href="https://www.amazon.com/dp/B00VTVE4Z6?tag=eloabder-20&linkCode=osi&th=1&psc=1">View Product</a></div>

<div class="product"><a href="https://www.amazon.com/dp/B07T8C2FGP?tag=eloabder-20&linkCode=osi&th=1&psc=1"><img src="https://m.media-amazon.com/images/I/11REPowhbuL._SL500_.jpg" alt="Product Image"></a><p>Hanes Boys' Tank Undershirt, EcoSmart Cotton Shirt, Multiple Packs Available, White, Small</p><p>$9.00</p><a href="https://www.amazon.com/dp/B07T8C2FGP?tag=eloabder-20&linkCode=osi&th=1&psc=1">View Product</a></div><div class="product"><a href="https://www.amazon.com/dp/B07GLLY1B5?tag=eloabder-20&linkCode=osi&th=1&psc=1"><img src="https://m.media-amazon.com/images/I/21jImswBMOL._SL500_.jpg" alt="Product Image"></a><p>Fruit Of The Loom Boys Eversoft Cotton Undershirts, T Shirts & Tank Tops Underwear, Tank - Boys - 10 Pack - White, Small US</p><p>$18.99</p><a href="https://www.amazon.com/dp/B07GLLY1B5?tag=eloabder-20&linkCode=osi&th=1&psc=1">View Product</a></div>

















<div class="product"><a href="https://www.amazon.com/dp/B0CC6T1BXL?tag=eloabder-20&linkCode=osi&th=1&psc=1"><img src="https://m.media-amazon.com/images/I/51QfOhhRTAL._SL500_.jpg" alt="Product Image"></a><p>Hanes Boys' Big Performance Tween Boxer Brief Pack, X-Temp Mesh Underwear, Assorted, 6-Pack, Black/Blue/Green/Grey-6 Pack, X-Large</p><p>$16.13</p><a href="https://www.amazon.com/dp/B0CC6T1BXL?tag=eloabder-20&linkCode=osi&th=1&psc=1">View Product</a></div>
<div class="product"><a href="https://www.amazon.com/dp/B0CC6VPJ9T?tag=eloabder-20&linkCode=osi&th=1&psc=1"><img src="https://m.media-amazon.com/images/I/51QfOhhRTAL._SL500_.jpg" alt="Product Image"></a><p>Hanes Boys' Big Performance Tween Boxer Brief Pack, X-Temp Mesh Underwear, Assorted, Black/Blue/Green/Grey - 6 Pack, Small</p><p>$15.29</p><a href="https://www.amazon.com/dp/B0CC6VPJ9T?tag=eloabder-20&linkCode=osi&th=1&psc=1">View Product</a></div><div class="product"><a href="https://www.amazon.com/dp/B0BHX9MGTV?tag=eloabder-20&linkCode=osi&th=1&psc=1"><img src="https://m.media-amazon.com/images/I/41xmYCCb5TL._SL500_.jpg" alt="Product Image"></a><p>Hanes Men's Boys Boxer Briefs Pack, Cool Comfort Tagless Underwear, 7-Pack, Assorted, Large</p><p>$13.00</p><a href="https://www.amazon.com/dp/B0BHX9MGTV?tag=eloabder-20&linkCode=osi&th=1&psc=1">View Product</a></div><div class="product"><a href="https://www.amazon.com/dp/B071JVXMBW?tag=eloabder-20&linkCode=osi&th=1&psc=1"><img src="https://m.media-amazon.com/images/I/41dDO730qNL._SL500_.jpg" alt="Product Image"></a><p>Hanes Boys' and Toddler Underwear, Comfort Flex and ComfortSoft Boxer Briefs, Multiple Packs Available, Assorted-7 Pack, Large</p><p>$13.00</p><a href="https://www.amazon.com/dp/B071JVXMBW?tag=eloabder-20&linkCode=osi&th=1&psc=1">View Product</a></div>
<div class="product"><a href="https://www.amazon.com/dp/B0BHX978MW?tag=eloabder-20&linkCode=osi&th=1&psc=1"><img src="https://m.media-amazon.com/images/I/41DVOhGuwJL._SL500_.jpg" alt="Product Image"></a><p>Hanes Boys' and Toddler Underwear, Comfort Flex and ComfortSoft Boxer Briefs, Multiple Packs Available, Solids/Prints Assorted-pack of 10, Large</p><p>$18.49</p><a href="https://www.amazon.com/dp/B0BHX978MW?tag=eloabder-20&linkCode=osi&th=1&psc=1">View Product</a></div>
<div class="product"><a href="https://www.amazon.com/dp/B0BHXBJPZ6?tag=eloabder-20&linkCode=osi&th=1&psc=1"><img src="https://m.media-amazon.com/images/I/41xmYCCb5TL._SL500_.jpg" alt="Product Image"></a><p>Hanes Men's Boys Boxer Briefs Pack, Cool Comfort Tagless Underwear, 7-Pack, Assorted, Small</p><p>$13.00</p><a href="https://www.amazon.com/dp/B0BHXBJPZ6?tag=eloabder-20&linkCode=osi&th=1&psc=1">View Product</a></div><div class="product"><a href="https://www.amazon.com/dp/B07T9FYQS8?tag=eloabder-20&linkCode=osi&th=1&psc=1"><img src="https://m.media-amazon.com/images/I/41hpu+H+4BS._SL500_.jpg" alt="Product Image"></a><p>Hanes Boys' X-Temp Boxer Briefs, Moisture Wicking Breathable Underwear, Tagless, Assorted 6 Pack, Medium</p><p>$14.45</p><a href="https://www.amazon.com/dp/B07T9FYQS8?tag=eloabder-20&linkCode=osi&th=1&psc=1">View Product</a></div>
<div class="product"><a href="https://www.amazon.com/dp/B00S4GMSOI?tag=eloabder-20&linkCode=osi&th=1&psc=1"><img src="https://m.media-amazon.com/images/I/31iFPCkYcTL._SL500_.jpg" alt="Product Image"></a><p>Hanes Boys Socks, Double Tough Cushioned Crew 12-pair Packs Athletic-socks, White/Grey Bottom, Large US</p><p>$9.99</p><a href="https://www.amazon.com/dp/B00S4GMSOI?tag=eloabder-20&linkCode=osi&th=1&psc=1">View Product</a></div>



























<div class="product"><a href="https://www.amazon.com/dp/B07VWPNFMD?tag=eloabder-20&linkCode=osi&th=1&psc=1"><img src="https://m.media-amazon.com/images/I/41LJTb0eozL._SL500_.jpg" alt="Product Image"></a><p>Under Armour Youth Training Cotton Crew Socks, Multipairs , Black (6-Pairs) , Small</p><p>$17.99</p><a href="https://www.amazon.com/dp/B07VWPNFMD?tag=eloabder-20&linkCode=osi&th=1&psc=1">View Product</a></div>
<div class="product"><a href="https://www.amazon.com/dp/B00BXFGBAY?tag=eloabder-20&linkCode=osi&th=1&psc=1"><img src="https://m.media-amazon.com/images/I/31u+gpU4SqL._SL500_.jpg" alt="Product Image"></a><p>PHILIP B. Gentle Conditioning Shampoo 32 oz. (947 ml) | Light-weight Hair Moisturizer, Protecting Color, Adds Softness and Shine</p><p>$115.00 ($3.59 / Fl Oz)</p><a href="https://www.amazon.com/dp/B00BXFGBAY?tag=eloabder-20&linkCode=osi&th=1&psc=1">View Product</a></div>


<div class="product"><a href="https://www.amazon.com/dp/B07P9RWTVK?tag=eloabder-20&linkCode=osi&th=1&psc=1"><img src="https://m.media-amazon.com/images/I/51UYs9+XaEL._SL500_.jpg" alt="Product Image"></a><p>Cczmfeas Boys Toddler Dinosaur Cotton Underwear Boxer Briefs 6 Pack (6-8 Years, C- 6 Pack) Navy</p><p>$14.99</p><a href="https://www.amazon.com/dp/B07P9RWTVK?tag=eloabder-20&linkCode=osi&th=1&psc=1">View Product</a></div>





















<div class="product"><a href="https://www.amazon.com/dp/B07JXFXFDN?tag=eloabder-20&linkCode=osi&th=1&psc=1"><img src="https://m.media-amazon.com/images/I/31cedI+SL+L._SL500_.jpg" alt="Product Image"></a><p>Amazon Essentials Boys' Cotton Crew Sports Socks, 10 Pairs, White Stripe, Medium</p><p>$13.30</p><a href="https://www.amazon.com/dp/B07JXFXFDN?tag=eloabder-20&linkCode=osi&th=1&psc=1">View Product</a></div><div class="product"><a href="https://www.amazon.com/dp/B07JL9J6NW?tag=eloabder-20&linkCode=osi&th=1&psc=1"><img src="https://m.media-amazon.com/images/I/31TqyKO3LzL._SL500_.jpg" alt="Product Image"></a><p>Amazon Essentials Unisex Kids' Cotton Crew Socks, 10 Pairs, White/Grey, Large</p><p>$11.40</p><a href="https://www.amazon.com/dp/B07JL9J6NW?tag=eloabder-20&linkCode=osi&th=1&psc=1">View Product</a></div>













































<div class="product"><a href="https://www.amazon.com/dp/B00VTVE4Z6?tag=eloabder-20&linkCode=osi&th=1&psc=1"><img src="https://m.media-amazon.com/images/I/21Gp9b3ASJL._SL500_.jpg" alt="Product Image"></a><p>Fruit Of The Loom Boys Eversoft Cotton Undershirts, T Shirts & Tank Tops Underwear, T Shirt - Boys - 5 Pack - White, X-Large US</p><p>$9.99</p><a href="https://www.amazon.com/dp/B00VTVE4Z6?tag=eloabder-20&linkCode=osi&th=1&psc=1">View Product</a></div>

<div class="product"><a href="https://www.amazon.com/dp/B07T8C2FGP?tag=eloabder-20&linkCode=osi&th=1&psc=1"><img src="https://m.media-amazon.com/images/I/11REPowhbuL._SL500_.jpg" alt="Product Image"></a><p>Hanes Boys' Tank Undershirt, EcoSmart Cotton Shirt, Multiple Packs Available, White, Small</p><p>$9.00</p><a href="https://www.amazon.com/dp/B07T8C2FGP?tag=eloabder-20&linkCode=osi&th=1&psc=1">View Product</a></div><div class="product"><a href="https://www.amazon.com/dp/B07GLLY1B5?tag=eloabder-20&linkCode=osi&th=1&psc=1"><img src="https://m.media-amazon.com/images/I/21jImswBMOL._SL500_.jpg" alt="Product Image"></a><p>Fruit Of The Loom Boys Eversoft Cotton Undershirts, T Shirts & Tank Tops Underwear, Tank - Boys - 10 Pack - White, Small US</p><p>$18.99</p><a href="https://www.amazon.com/dp/B07GLLY1B5?tag=eloabder-20&linkCode=osi&th=1&psc=1">View Product</a></div>

















<div class="product"><a href="https://www.amazon.com/dp/B0CC6T1BXL?tag=eloabder-20&linkCode=osi&th=1&psc=1"><img src="https://m.media-amazon.com/images/I/51QfOhhRTAL._SL500_.jpg" alt="Product Image"></a><p>Hanes Boys' Big Performance Tween Boxer Brief Pack, X-Temp Mesh Underwear, Assorted, 6-Pack, Black/Blue/Green/Grey-6 Pack, X-Large</p><p>$16.13</p><a href="https://www.amazon.com/dp/B0CC6T1BXL?tag=eloabder-20&linkCode=osi&th=1&psc=1">View Product</a></div>
<div class="product"><a href="https://www.amazon.com/dp/B0CC6VPJ9T?tag=eloabder-20&linkCode=osi&th=1&psc=1"><img src="https://m.media-amazon.com/images/I/51QfOhhRTAL._SL500_.jpg" alt="Product Image"></a><p>Hanes Boys' Big Performance Tween Boxer Brief Pack, X-Temp Mesh Underwear, Assorted, Black/Blue/Green/Grey - 6 Pack, Small</p><p>$15.29</p><a href="https://www.amazon.com/dp/B0CC6VPJ9T?tag=eloabder-20&linkCode=osi&th=1&psc=1">View Product</a></div><div class="product"><a href="https://www.amazon.com/dp/B0BHX9MGTV?tag=eloabder-20&linkCode=osi&th=1&psc=1"><img src="https://m.media-amazon.com/images/I/41xmYCCb5TL._SL500_.jpg" alt="Product Image"></a><p>Hanes Men's Boys Boxer Briefs Pack, Cool Comfort Tagless Underwear, 7-Pack, Assorted, Large</p><p>$13.00</p><a href="https://www.amazon.com/dp/B0BHX9MGTV?tag=eloabder-20&linkCode=osi&th=1&psc=1">View Product</a></div><div class="product"><a href="https://www.amazon.com/dp/B071JVXMBW?tag=eloabder-20&linkCode=osi&th=1&psc=1"><img src="https://m.media-amazon.com/images/I/41dDO730qNL._SL500_.jpg" alt="Product Image"></a><p>Hanes Boys' and Toddler Underwear, Comfort Flex and ComfortSoft Boxer Briefs, Multiple Packs Available, Assorted-7 Pack, Large</p><p>$13.00</p><a href="https://www.amazon.com/dp/B071JVXMBW?tag=eloabder-20&linkCode=osi&th=1&psc=1">View Product</a></div>
<div class="product"><a href="https://www.amazon.com/dp/B0BHX978MW?tag=eloabder-20&linkCode=osi&th=1&psc=1"><img src="https://m.media-amazon.com/images/I/41DVOhGuwJL._SL500_.jpg" alt="Product Image"></a><p>Hanes Boys' and Toddler Underwear, Comfort Flex and ComfortSoft Boxer Briefs, Multiple Packs Available, Solids/Prints Assorted-pack of 10, Large</p><p>$18.49</p><a href="https://www.amazon.com/dp/B0BHX978MW?tag=eloabder-20&linkCode=osi&th=1&psc=1">View Product</a></div>
<div class="product"><a href="https://www.amazon.com/dp/B0BHXBJPZ6?tag=eloabder-20&linkCode=osi&th=1&psc=1"><img src="https://m.media-amazon.com/images/I/41xmYCCb5TL._SL500_.jpg" alt="Product Image"></a><p>Hanes Men's Boys Boxer Briefs Pack, Cool Comfort Tagless Underwear, 7-Pack, Assorted, Small</p><p>$13.00</p><a href="https://www.amazon.com/dp/B0BHXBJPZ6?tag=eloabder-20&linkCode=osi&th=1&psc=1">View Product</a></div><div class="product"><a href="https://www.amazon.com/dp/B07T9FYQS8?tag=eloabder-20&linkCode=osi&th=1&psc=1"><img src="https://m.media-amazon.com/images/I/41hpu+H+4BS._SL500_.jpg" alt="Product Image"></a><p>Hanes Boys' X-Temp Boxer Briefs, Moisture Wicking Breathable Underwear, Tagless, Assorted 6 Pack, Medium</p><p>$14.45</p><a href="https://www.amazon.com/dp/B07T9FYQS8?tag=eloabder-20&linkCode=osi&th=1&psc=1">View Product</a></div>
<div class="product"><a href="https://www.amazon.com/dp/B00S4GMSOI?tag=eloabder-20&linkCode=osi&th=1&psc=1"><img src="https://m.media-amazon.com/images/I/31iFPCkYcTL._SL500_.jpg" alt="Product Image"></a><p>Hanes Boys Socks, Double Tough Cushioned Crew 12-pair Packs Athletic-socks, White/Grey Bottom, Large US</p><p>$9.99</p><a href="https://www.amazon.com/dp/B00S4GMSOI?tag=eloabder-20&linkCode=osi&th=1&psc=1">View Product</a></div>



























<div class="product"><a href="https://www.amazon.com/dp/B07VWPNFMD?tag=eloabder-20&linkCode=osi&th=1&psc=1"><img src="https://m.media-amazon.com/images/I/41LJTb0eozL._SL500_.jpg" alt="Product Image"></a><p>Under Armour Youth Training Cotton Crew Socks, Multipairs , Black (6-Pairs) , Small</p><p>$17.99</p><a href="https://www.amazon.com/dp/B07VWPNFMD?tag=eloabder-20&linkCode=osi&th=1&psc=1">View Product</a></div>
<div class="product"><a href="https://www.amazon.com/dp/B00BXFGBAY?tag=eloabder-20&linkCode=osi&th=1&psc=1"><img src="https://m.media-amazon.com/images/I/31u+gpU4SqL._SL500_.jpg" alt="Product Image"></a><p>PHILIP B. Gentle Conditioning Shampoo 32 oz. (947 ml) | Light-weight Hair Moisturizer, Protecting Color, Adds Softness and Shine</p><p>$115.00 ($3.59 / Fl Oz)</p><a href="https://www.amazon.com/dp/B00BXFGBAY?tag=eloabder-20&linkCode=osi&th=1&psc=1">View Product</a></div>


<div class="product"><a href="https://www.amazon.com/dp/B07P9RWTVK?tag=eloabder-20&linkCode=osi&th=1&psc=1"><img src="https://m.media-amazon.com/images/I/51UYs9+XaEL._SL500_.jpg" alt="Product Image"></a><p>Cczmfeas Boys Toddler Dinosaur Cotton Underwear Boxer Briefs 6 Pack (6-8 Years, C- 6 Pack) Navy</p><p>$14.99</p><a href="https://www.amazon.com/dp/B07P9RWTVK?tag=eloabder-20&linkCode=osi&th=1&psc=1">View Product</a></div>





















<div class="product"><a href="https://www.amazon.com/dp/B07JXFXFDN?tag=eloabder-20&linkCode=osi&th=1&psc=1"><img src="https://m.media-amazon.com/images/I/31cedI+SL+L._SL500_.jpg" alt="Product Image"></a><p>Amazon Essentials Boys' Cotton Crew Sports Socks, 10 Pairs, White Stripe, Medium</p><p>$13.30</p><a href="https://www.amazon.com/dp/B07JXFXFDN?tag=eloabder-20&linkCode=osi&th=1&psc=1">View Product</a></div><div class="product"><a href="https://www.amazon.com/dp/B07JL9J6NW?tag=eloabder-20&linkCode=osi&th=1&psc=1"><img src="https://m.media-amazon.com/images/I/31TqyKO3LzL._SL500_.jpg" alt="Product Image"></a><p>Amazon Essentials Unisex Kids' Cotton Crew Socks, 10 Pairs, White/Grey, Large</p><p>$11.40</p><a href="https://www.amazon.com/dp/B07JL9J6NW?tag=eloabder-20&linkCode=osi&th=1&psc=1">View Product</a></div>














































<div class="product"><a href="https://www.amazon.com/dp/B00VTVE4Z6?tag=eloabder-20&linkCode=osi&th=1&psc=1"><img src="https://m.media-amazon.com/images/I/21Gp9b3ASJL._SL500_.jpg" alt="Product Image"></a><p>Fruit Of The Loom Boys Eversoft Cotton Undershirts, T Shirts & Tank Tops Underwear, T Shirt - Boys - 5 Pack - White, X-Large US</p><p>$9.99</p><a href="https://www.amazon.com/dp/B00VTVE4Z6?tag=eloabder-20&linkCode=osi&th=1&psc=1">View Product</a></div>

<div class="product"><a href="https://www.amazon.com/dp/B07T8C2FGP?tag=eloabder-20&linkCode=osi&th=1&psc=1"><img src="https://m.media-amazon.com/images/I/11REPowhbuL._SL500_.jpg" alt="Product Image"></a><p>Hanes Boys' Tank Undershirt, EcoSmart Cotton Shirt, Multiple Packs Available, White, Small</p><p>$9.00</p><a href="https://www.amazon.com/dp/B07T8C2FGP?tag=eloabder-20&linkCode=osi&th=1&psc=1">View Product</a></div><div class="product"><a href="https://www.amazon.com/dp/B07GLLY1B5?tag=eloabder-20&linkCode=osi&th=1&psc=1"><img src="https://m.media-amazon.com/images/I/21jImswBMOL._SL500_.jpg" alt="Product Image"></a><p>Fruit Of The Loom Boys Eversoft Cotton Undershirts, T Shirts & Tank Tops Underwear, Tank - Boys - 10 Pack - White, Small US</p><p>$18.99</p><a href="https://www.amazon.com/dp/B07GLLY1B5?tag=eloabder-20&linkCode=osi&th=1&psc=1">View Product</a></div>

















<div class="product"><a href="https://www.amazon.com/dp/B0CC6T1BXL?tag=eloabder-20&linkCode=osi&th=1&psc=1"><img src="https://m.media-amazon.com/images/I/51QfOhhRTAL._SL500_.jpg" alt="Product Image"></a><p>Hanes Boys' Big Performance Tween Boxer Brief Pack, X-Temp Mesh Underwear, Assorted, 6-Pack, Black/Blue/Green/Grey-6 Pack, X-Large</p><p>$16.13</p><a href="https://www.amazon.com/dp/B0CC6T1BXL?tag=eloabder-20&linkCode=osi&th=1&psc=1">View Product</a></div>
<div class="product"><a href="https://www.amazon.com/dp/B0CC6VPJ9T?tag=eloabder-20&linkCode=osi&th=1&psc=1"><img src="https://m.media-amazon.com/images/I/51QfOhhRTAL._SL500_.jpg" alt="Product Image"></a><p>Hanes Boys' Big Performance Tween Boxer Brief Pack, X-Temp Mesh Underwear, Assorted, Black/Blue/Green/Grey - 6 Pack, Small</p><p>$15.29</p><a href="https://www.amazon.com/dp/B0CC6VPJ9T?tag=eloabder-20&linkCode=osi&th=1&psc=1">View Product</a></div><div class="product"><a href="https://www.amazon.com/dp/B0BHX9MGTV?tag=eloabder-20&linkCode=osi&th=1&psc=1"><img src="https://m.media-amazon.com/images/I/41xmYCCb5TL._SL500_.jpg" alt="Product Image"></a><p>Hanes Men's Boys Boxer Briefs Pack, Cool Comfort Tagless Underwear, 7-Pack, Assorted, Large</p><p>$13.00</p><a href="https://www.amazon.com/dp/B0BHX9MGTV?tag=eloabder-20&linkCode=osi&th=1&psc=1">View Product</a></div><div class="product"><a href="https://www.amazon.com/dp/B071JVXMBW?tag=eloabder-20&linkCode=osi&th=1&psc=1"><img src="https://m.media-amazon.com/images/I/41dDO730qNL._SL500_.jpg" alt="Product Image"></a><p>Hanes Boys' and Toddler Underwear, Comfort Flex and ComfortSoft Boxer Briefs, Multiple Packs Available, Assorted-7 Pack, Large</p><p>$13.00</p><a href="https://www.amazon.com/dp/B071JVXMBW?tag=eloabder-20&linkCode=osi&th=1&psc=1">View Product</a></div>
<div class="product"><a href="https://www.amazon.com/dp/B0BHX978MW?tag=eloabder-20&linkCode=osi&th=1&psc=1"><img src="https://m.media-amazon.com/images/I/41DVOhGuwJL._SL500_.jpg" alt="Product Image"></a><p>Hanes Boys' and Toddler Underwear, Comfort Flex and ComfortSoft Boxer Briefs, Multiple Packs Available, Solids/Prints Assorted-pack of 10, Large</p><p>$18.49</p><a href="https://www.amazon.com/dp/B0BHX978MW?tag=eloabder-20&linkCode=osi&th=1&psc=1">View Product</a></div>
<div class="product"><a href="https://www.amazon.com/dp/B0BHXBJPZ6?tag=eloabder-20&linkCode=osi&th=1&psc=1"><img src="https://m.media-amazon.com/images/I/41xmYCCb5TL._SL500_.jpg" alt="Product Image"></a><p>Hanes Men's Boys Boxer Briefs Pack, Cool Comfort Tagless Underwear, 7-Pack, Assorted, Small</p><p>$13.00</p><a href="https://www.amazon.com/dp/B0BHXBJPZ6?tag=eloabder-20&linkCode=osi&th=1&psc=1">View Product</a></div><div class="product"><a href="https://www.amazon.com/dp/B07T9FYQS8?tag=eloabder-20&linkCode=osi&th=1&psc=1"><img src="https://m.media-amazon.com/images/I/41hpu+H+4BS._SL500_.jpg" alt="Product Image"></a><p>Hanes Boys' X-Temp Boxer Briefs, Moisture Wicking Breathable Underwear, Tagless, Assorted 6 Pack, Medium</p><p>$14.45</p><a href="https://www.amazon.com/dp/B07T9FYQS8?tag=eloabder-20&linkCode=osi&th=1&psc=1">View Product</a></div>
<div class="product"><a href="https://www.amazon.com/dp/B00S4GMSOI?tag=eloabder-20&linkCode=osi&th=1&psc=1"><img src="https://m.media-amazon.com/images/I/31iFPCkYcTL._SL500_.jpg" alt="Product Image"></a><p>Hanes Boys Socks, Double Tough Cushioned Crew 12-pair Packs Athletic-socks, White/Grey Bottom, Large US</p><p>$9.99</p><a href="https://www.amazon.com/dp/B00S4GMSOI?tag=eloabder-20&linkCode=osi&th=1&psc=1">View Product</a></div>



























<div class="product"><a href="https://www.amazon.com/dp/B07VWPNFMD?tag=eloabder-20&linkCode=osi&th=1&psc=1"><img src="https://m.media-amazon.com/images/I/41LJTb0eozL._SL500_.jpg" alt="Product Image"></a><p>Under Armour Youth Training Cotton Crew Socks, Multipairs , Black (6-Pairs) , Small</p><p>$17.99</p><a href="https://www.amazon.com/dp/B07VWPNFMD?tag=eloabder-20&linkCode=osi&th=1&psc=1">View Product</a></div>
<div class="product"><a href="https://www.amazon.com/dp/B00BXFGBAY?tag=eloabder-20&linkCode=osi&th=1&psc=1"><img src="https://m.media-amazon.com/images/I/31u+gpU4SqL._SL500_.jpg" alt="Product Image"></a><p>PHILIP B. Gentle Conditioning Shampoo 32 oz. (947 ml) | Light-weight Hair Moisturizer, Protecting Color, Adds Softness and Shine</p><p>$115.00 ($3.59 / Fl Oz)</p><a href="https://www.amazon.com/dp/B00BXFGBAY?tag=eloabder-20&linkCode=osi&th=1&psc=1">View Product</a></div>


<div class="product"><a href="https://www.amazon.com/dp/B07P9RWTVK?tag=eloabder-20&linkCode=osi&th=1&psc=1"><img src="https://m.media-amazon.com/images/I/51UYs9+XaEL._SL500_.jpg" alt="Product Image"></a><p>Cczmfeas Boys Toddler Dinosaur Cotton Underwear Boxer Briefs 6 Pack (6-8 Years, C- 6 Pack) Navy</p><p>$14.99</p><a href="https://www.amazon.com/dp/B07P9RWTVK?tag=eloabder-20&linkCode=osi&th=1&psc=1">View Product</a></div>





















<div class="product"><a href="https://www.amazon.com/dp/B07JXFXFDN?tag=eloabder-20&linkCode=osi&th=1&psc=1"><img src="https://m.media-amazon.com/images/I/31cedI+SL+L._SL500_.jpg" alt="Product Image"></a><p>Amazon Essentials Boys' Cotton Crew Sports Socks, 10 Pairs, White Stripe, Medium</p><p>$13.30</p><a href="https://www.amazon.com/dp/B07JXFXFDN?tag=eloabder-20&linkCode=osi&th=1&psc=1">View Product</a></div><div class="product"><a href="https://www.amazon.com/dp/B07JL9J6NW?tag=eloabder-20&linkCode=osi&th=1&psc=1"><img src="https://m.media-amazon.com/images/I/31TqyKO3LzL._SL500_.jpg" alt="Product Image"></a><p>Amazon Essentials Unisex Kids' Cotton Crew Socks, 10 Pairs, White/Grey, Large</p><p>$11.40</p><a href="https://www.amazon.com/dp/B07JL9J6NW?tag=eloabder-20&linkCode=osi&th=1&psc=1">View Product</a></div>















































<div class="product"><a href="https://www.amazon.com/dp/B00VTVE4Z6?tag=eloabder-20&linkCode=osi&th=1&psc=1"><img src="https://m.media-amazon.com/images/I/21Gp9b3ASJL._SL500_.jpg" alt="Product Image"></a><p>Fruit Of The Loom Boys Eversoft Cotton Undershirts, T Shirts & Tank Tops Underwear, T Shirt - Boys - 5 Pack - White, X-Large US</p><p>$9.99</p><a href="https://www.amazon.com/dp/B00VTVE4Z6?tag=eloabder-20&linkCode=osi&th=1&psc=1">View Product</a></div>

<div class="product"><a href="https://www.amazon.com/dp/B07T8C2FGP?tag=eloabder-20&linkCode=osi&th=1&psc=1"><img src="https://m.media-amazon.com/images/I/11REPowhbuL._SL500_.jpg" alt="Product Image"></a><p>Hanes Boys' Tank Undershirt, EcoSmart Cotton Shirt, Multiple Packs Available, White, Small</p><p>$9.00</p><a href="https://www.amazon.com/dp/B07T8C2FGP?tag=eloabder-20&linkCode=osi&th=1&psc=1">View Product</a></div><div class="product"><a href="https://www.amazon.com/dp/B07GLLY1B5?tag=eloabder-20&linkCode=osi&th=1&psc=1"><img src="https://m.media-amazon.com/images/I/21jImswBMOL._SL500_.jpg" alt="Product Image"></a><p>Fruit Of The Loom Boys Eversoft Cotton Undershirts, T Shirts & Tank Tops Underwear, Tank - Boys - 10 Pack - White, Small US</p><p>$18.99</p><a href="https://www.amazon.com/dp/B07GLLY1B5?tag=eloabder-20&linkCode=osi&th=1&psc=1">View Product</a></div>

















<div class="product"><a href="https://www.amazon.com/dp/B0CC6T1BXL?tag=eloabder-20&linkCode=osi&th=1&psc=1"><img src="https://m.media-amazon.com/images/I/51QfOhhRTAL._SL500_.jpg" alt="Product Image"></a><p>Hanes Boys' Big Performance Tween Boxer Brief Pack, X-Temp Mesh Underwear, Assorted, 6-Pack, Black/Blue/Green/Grey-6 Pack, X-Large</p><p>$16.13</p><a href="https://www.amazon.com/dp/B0CC6T1BXL?tag=eloabder-20&linkCode=osi&th=1&psc=1">View Product</a></div>
<div class="product"><a href="https://www.amazon.com/dp/B0CC6VPJ9T?tag=eloabder-20&linkCode=osi&th=1&psc=1"><img src="https://m.media-amazon.com/images/I/51QfOhhRTAL._SL500_.jpg" alt="Product Image"></a><p>Hanes Boys' Big Performance Tween Boxer Brief Pack, X-Temp Mesh Underwear, Assorted, Black/Blue/Green/Grey - 6 Pack, Small</p><p>$15.29</p><a href="https://www.amazon.com/dp/B0CC6VPJ9T?tag=eloabder-20&linkCode=osi&th=1&psc=1">View Product</a></div><div class="product"><a href="https://www.amazon.com/dp/B0BHX9MGTV?tag=eloabder-20&linkCode=osi&th=1&psc=1"><img src="https://m.media-amazon.com/images/I/41xmYCCb5TL._SL500_.jpg" alt="Product Image"></a><p>Hanes Men's Boys Boxer Briefs Pack, Cool Comfort Tagless Underwear, 7-Pack, Assorted, Large</p><p>$13.00</p><a href="https://www.amazon.com/dp/B0BHX9MGTV?tag=eloabder-20&linkCode=osi&th=1&psc=1">View Product</a></div><div class="product"><a href="https://www.amazon.com/dp/B071JVXMBW?tag=eloabder-20&linkCode=osi&th=1&psc=1"><img src="https://m.media-amazon.com/images/I/41dDO730qNL._SL500_.jpg" alt="Product Image"></a><p>Hanes Boys' and Toddler Underwear, Comfort Flex and ComfortSoft Boxer Briefs, Multiple Packs Available, Assorted-7 Pack, Large</p><p>$13.00</p><a href="https://www.amazon.com/dp/B071JVXMBW?tag=eloabder-20&linkCode=osi&th=1&psc=1">View Product</a></div>
<div class="product"><a href="https://www.amazon.com/dp/B0BHX978MW?tag=eloabder-20&linkCode=osi&th=1&psc=1"><img src="https://m.media-amazon.com/images/I/41DVOhGuwJL._SL500_.jpg" alt="Product Image"></a><p>Hanes Boys' and Toddler Underwear, Comfort Flex and ComfortSoft Boxer Briefs, Multiple Packs Available, Solids/Prints Assorted-pack of 10, Large</p><p>$18.49</p><a href="https://www.amazon.com/dp/B0BHX978MW?tag=eloabder-20&linkCode=osi&th=1&psc=1">View Product</a></div>
<div class="product"><a href="https://www.amazon.com/dp/B0BHXBJPZ6?tag=eloabder-20&linkCode=osi&th=1&psc=1"><img src="https://m.media-amazon.com/images/I/41xmYCCb5TL._SL500_.jpg" alt="Product Image"></a><p>Hanes Men's Boys Boxer Briefs Pack, Cool Comfort Tagless Underwear, 7-Pack, Assorted, Small</p><p>$13.00</p><a href="https://www.amazon.com/dp/B0BHXBJPZ6?tag=eloabder-20&linkCode=osi&th=1&psc=1">View Product</a></div><div class="product"><a href="https://www.amazon.com/dp/B07T9FYQS8?tag=eloabder-20&linkCode=osi&th=1&psc=1"><img src="https://m.media-amazon.com/images/I/41hpu+H+4BS._SL500_.jpg" alt="Product Image"></a><p>Hanes Boys' X-Temp Boxer Briefs, Moisture Wicking Breathable Underwear, Tagless, Assorted 6 Pack, Medium</p><p>$14.45</p><a href="https://www.amazon.com/dp/B07T9FYQS8?tag=eloabder-20&linkCode=osi&th=1&psc=1">View Product</a></div>
<div class="product"><a href="https://www.amazon.com/dp/B00S4GMSOI?tag=eloabder-20&linkCode=osi&th=1&psc=1"><img src="https://m.media-amazon.com/images/I/31iFPCkYcTL._SL500_.jpg" alt="Product Image"></a><p>Hanes Boys Socks, Double Tough Cushioned Crew 12-pair Packs Athletic-socks, White/Grey Bottom, Large US</p><p>$9.99</p><a href="https://www.amazon.com/dp/B00S4GMSOI?tag=eloabder-20&linkCode=osi&th=1&psc=1">View Product</a></div>



























<div class="product"><a href="https://www.amazon.com/dp/B07VWPNFMD?tag=eloabder-20&linkCode=osi&th=1&psc=1"><img src="https://m.media-amazon.com/images/I/41LJTb0eozL._SL500_.jpg" alt="Product Image"></a><p>Under Armour Youth Training Cotton Crew Socks, Multipairs , Black (6-Pairs) , Small</p><p>$17.99</p><a href="https://www.amazon.com/dp/B07VWPNFMD?tag=eloabder-20&linkCode=osi&th=1&psc=1">View Product</a></div>
<div class="product"><a href="https://www.amazon.com/dp/B00BXFGBAY?tag=eloabder-20&linkCode=osi&th=1&psc=1"><img src="https://m.media-amazon.com/images/I/31u+gpU4SqL._SL500_.jpg" alt="Product Image"></a><p>PHILIP B. Gentle Conditioning Shampoo 32 oz. (947 ml) | Light-weight Hair Moisturizer, Protecting Color, Adds Softness and Shine</p><p>$115.00 ($3.59 / Fl Oz)</p><a href="https://www.amazon.com/dp/B00BXFGBAY?tag=eloabder-20&linkCode=osi&th=1&psc=1">View Product</a></div>


<div class="product"><a href="https://www.amazon.com/dp/B07P9RWTVK?tag=eloabder-20&linkCode=osi&th=1&psc=1"><img src="https://m.media-amazon.com/images/I/51UYs9+XaEL._SL500_.jpg" alt="Product Image"></a><p>Cczmfeas Boys Toddler Dinosaur Cotton Underwear Boxer Briefs 6 Pack (6-8 Years, C- 6 Pack) Navy</p><p>$14.99</p><a href="https://www.amazon.com/dp/B07P9RWTVK?tag=eloabder-20&linkCode=osi&th=1&psc=1">View Product</a></div>





















<div class="product"><a href="https://www.amazon.com/dp/B07JXFXFDN?tag=eloabder-20&linkCode=osi&th=1&psc=1"><img src="https://m.media-amazon.com/images/I/31cedI+SL+L._SL500_.jpg" alt="Product Image"></a><p>Amazon Essentials Boys' Cotton Crew Sports Socks, 10 Pairs, White Stripe, Medium</p><p>$13.30</p><a href="https://www.amazon.com/dp/B07JXFXFDN?tag=eloabder-20&linkCode=osi&th=1&psc=1">View Product</a></div><div class="product"><a href="https://www.amazon.com/dp/B07JL9J6NW?tag=eloabder-20&linkCode=osi&th=1&psc=1"><img src="https://m.media-amazon.com/images/I/31TqyKO3LzL._SL500_.jpg" alt="Product Image"></a><p>Amazon Essentials Unisex Kids' Cotton Crew Socks, 10 Pairs, White/Grey, Large</p><p>$11.40</p><a href="https://www.amazon.com/dp/B07JL9J6NW?tag=eloabder-20&linkCode=osi&th=1&psc=1">View Product</a></div>
















































<div class="product"><a href="https://www.amazon.com/dp/B00VTVE4Z6?tag=eloabder-20&linkCode=osi&th=1&psc=1"><img src="https://m.media-amazon.com/images/I/21Gp9b3ASJL._SL500_.jpg" alt="Product Image"></a><p>Fruit Of The Loom Boys Eversoft Cotton Undershirts, T Shirts & Tank Tops Underwear, T Shirt - Boys - 5 Pack - White, X-Large US</p><p>$9.99</p><a href="https://www.amazon.com/dp/B00VTVE4Z6?tag=eloabder-20&linkCode=osi&th=1&psc=1">View Product</a></div>

<div class="product"><a href="https://www.amazon.com/dp/B07T8C2FGP?tag=eloabder-20&linkCode=osi&th=1&psc=1"><img src="https://m.media-amazon.com/images/I/11REPowhbuL._SL500_.jpg" alt="Product Image"></a><p>Hanes Boys' Tank Undershirt, EcoSmart Cotton Shirt, Multiple Packs Available, White, Small</p><p>$9.00</p><a href="https://www.amazon.com/dp/B07T8C2FGP?tag=eloabder-20&linkCode=osi&th=1&psc=1">View Product</a></div><div class="product"><a href="https://www.amazon.com/dp/B07GLLY1B5?tag=eloabder-20&linkCode=osi&th=1&psc=1"><img src="https://m.media-amazon.com/images/I/21jImswBMOL._SL500_.jpg" alt="Product Image"></a><p>Fruit Of The Loom Boys Eversoft Cotton Undershirts, T Shirts & Tank Tops Underwear, Tank - Boys - 10 Pack - White, Small US</p><p>$18.99</p><a href="https://www.amazon.com/dp/B07GLLY1B5?tag=eloabder-20&linkCode=osi&th=1&psc=1">View Product</a></div>

















<div class="product"><a href="https://www.amazon.com/dp/B0CC6T1BXL?tag=eloabder-20&linkCode=osi&th=1&psc=1"><img src="https://m.media-amazon.com/images/I/51QfOhhRTAL._SL500_.jpg" alt="Product Image"></a><p>Hanes Boys' Big Performance Tween Boxer Brief Pack, X-Temp Mesh Underwear, Assorted, 6-Pack, Black/Blue/Green/Grey-6 Pack, X-Large</p><p>$16.13</p><a href="https://www.amazon.com/dp/B0CC6T1BXL?tag=eloabder-20&linkCode=osi&th=1&psc=1">View Product</a></div>
<div class="product"><a href="https://www.amazon.com/dp/B0CC6VPJ9T?tag=eloabder-20&linkCode=osi&th=1&psc=1"><img src="https://m.media-amazon.com/images/I/51QfOhhRTAL._SL500_.jpg" alt="Product Image"></a><p>Hanes Boys' Big Performance Tween Boxer Brief Pack, X-Temp Mesh Underwear, Assorted, Black/Blue/Green/Grey - 6 Pack, Small</p><p>$15.29</p><a href="https://www.amazon.com/dp/B0CC6VPJ9T?tag=eloabder-20&linkCode=osi&th=1&psc=1">View Product</a></div><div class="product"><a href="https://www.amazon.com/dp/B0BHX9MGTV?tag=eloabder-20&linkCode=osi&th=1&psc=1"><img src="https://m.media-amazon.com/images/I/41xmYCCb5TL._SL500_.jpg" alt="Product Image"></a><p>Hanes Men's Boys Boxer Briefs Pack, Cool Comfort Tagless Underwear, 7-Pack, Assorted, Large</p><p>$13.00</p><a href="https://www.amazon.com/dp/B0BHX9MGTV?tag=eloabder-20&linkCode=osi&th=1&psc=1">View Product</a></div><div class="product"><a href="https://www.amazon.com/dp/B071JVXMBW?tag=eloabder-20&linkCode=osi&th=1&psc=1"><img src="https://m.media-amazon.com/images/I/41dDO730qNL._SL500_.jpg" alt="Product Image"></a><p>Hanes Boys' and Toddler Underwear, Comfort Flex and ComfortSoft Boxer Briefs, Multiple Packs Available, Assorted-7 Pack, Large</p><p>$13.00</p><a href="https://www.amazon.com/dp/B071JVXMBW?tag=eloabder-20&linkCode=osi&th=1&psc=1">View Product</a></div>
<div class="product"><a href="https://www.amazon.com/dp/B0BHX978MW?tag=eloabder-20&linkCode=osi&th=1&psc=1"><img src="https://m.media-amazon.com/images/I/41DVOhGuwJL._SL500_.jpg" alt="Product Image"></a><p>Hanes Boys' and Toddler Underwear, Comfort Flex and ComfortSoft Boxer Briefs, Multiple Packs Available, Solids/Prints Assorted-pack of 10, Large</p><p>$18.49</p><a href="https://www.amazon.com/dp/B0BHX978MW?tag=eloabder-20&linkCode=osi&th=1&psc=1">View Product</a></div>
<div class="product"><a href="https://www.amazon.com/dp/B0BHXBJPZ6?tag=eloabder-20&linkCode=osi&th=1&psc=1"><img src="https://m.media-amazon.com/images/I/41xmYCCb5TL._SL500_.jpg" alt="Product Image"></a><p>Hanes Men's Boys Boxer Briefs Pack, Cool Comfort Tagless Underwear, 7-Pack, Assorted, Small</p><p>$13.00</p><a href="https://www.amazon.com/dp/B0BHXBJPZ6?tag=eloabder-20&linkCode=osi&th=1&psc=1">View Product</a></div><div class="product"><a href="https://www.amazon.com/dp/B07T9FYQS8?tag=eloabder-20&linkCode=osi&th=1&psc=1"><img src="https://m.media-amazon.com/images/I/41hpu+H+4BS._SL500_.jpg" alt="Product Image"></a><p>Hanes Boys' X-Temp Boxer Briefs, Moisture Wicking Breathable Underwear, Tagless, Assorted 6 Pack, Medium</p><p>$14.45</p><a href="https://www.amazon.com/dp/B07T9FYQS8?tag=eloabder-20&linkCode=osi&th=1&psc=1">View Product</a></div>
<div class="product"><a href="https://www.amazon.com/dp/B00S4GMSOI?tag=eloabder-20&linkCode=osi&th=1&psc=1"><img src="https://m.media-amazon.com/images/I/31iFPCkYcTL._SL500_.jpg" alt="Product Image"></a><p>Hanes Boys Socks, Double Tough Cushioned Crew 12-pair Packs Athletic-socks, White/Grey Bottom, Large US</p><p>$9.99</p><a href="https://www.amazon.com/dp/B00S4GMSOI?tag=eloabder-20&linkCode=osi&th=1&psc=1">View Product</a></div>



























<div class="product"><a href="https://www.amazon.com/dp/B07VWPNFMD?tag=eloabder-20&linkCode=osi&th=1&psc=1"><img src="https://m.media-amazon.com/images/I/41LJTb0eozL._SL500_.jpg" alt="Product Image"></a><p>Under Armour Youth Training Cotton Crew Socks, Multipairs , Black (6-Pairs) , Small</p><p>$17.99</p><a href="https://www.amazon.com/dp/B07VWPNFMD?tag=eloabder-20&linkCode=osi&th=1&psc=1">View Product</a></div>
<div class="product"><a href="https://www.amazon.com/dp/B00BXFGBAY?tag=eloabder-20&linkCode=osi&th=1&psc=1"><img src="https://m.media-amazon.com/images/I/31u+gpU4SqL._SL500_.jpg" alt="Product Image"></a><p>PHILIP B. Gentle Conditioning Shampoo 32 oz. (947 ml) | Light-weight Hair Moisturizer, Protecting Color, Adds Softness and Shine</p><p>$115.00 ($3.59 / Fl Oz)</p><a href="https://www.amazon.com/dp/B00BXFGBAY?tag=eloabder-20&linkCode=osi&th=1&psc=1">View Product</a></div>


<div class="product"><a href="https://www.amazon.com/dp/B07P9RWTVK?tag=eloabder-20&linkCode=osi&th=1&psc=1"><img src="https://m.media-amazon.com/images/I/51UYs9+XaEL._SL500_.jpg" alt="Product Image"></a><p>Cczmfeas Boys Toddler Dinosaur Cotton Underwear Boxer Briefs 6 Pack (6-8 Years, C- 6 Pack) Navy</p><p>$14.99</p><a href="https://www.amazon.com/dp/B07P9RWTVK?tag=eloabder-20&linkCode=osi&th=1&psc=1">View Product</a></div>





















<div class="product"><a href="https://www.amazon.com/dp/B07JXFXFDN?tag=eloabder-20&linkCode=osi&th=1&psc=1"><img src="https://m.media-amazon.com/images/I/31cedI+SL+L._SL500_.jpg" alt="Product Image"></a><p>Amazon Essentials Boys' Cotton Crew Sports Socks, 10 Pairs, White Stripe, Medium</p><p>$13.30</p><a href="https://www.amazon.com/dp/B07JXFXFDN?tag=eloabder-20&linkCode=osi&th=1&psc=1">View Product</a></div><div class="product"><a href="https://www.amazon.com/dp/B07JL9J6NW?tag=eloabder-20&linkCode=osi&th=1&psc=1"><img src="https://m.media-amazon.com/images/I/31TqyKO3LzL._SL500_.jpg" alt="Product Image"></a><p>Amazon Essentials Unisex Kids' Cotton Crew Socks, 10 Pairs, White/Grey, Large</p><p>$11.40</p><a href="https://www.amazon.com/dp/B07JL9J6NW?tag=eloabder-20&linkCode=osi&th=1&psc=1">View Product</a></div>

















































<div class="product"><a href="https://www.amazon.com/dp/B00VTVE4Z6?tag=eloabder-20&linkCode=osi&th=1&psc=1"><img src="https://m.media-amazon.com/images/I/21Gp9b3ASJL._SL500_.jpg" alt="Product Image"></a><p>Fruit Of The Loom Boys Eversoft Cotton Undershirts, T Shirts & Tank Tops Underwear, T Shirt - Boys - 5 Pack - White, X-Large US</p><p>$9.99</p><a href="https://www.amazon.com/dp/B00VTVE4Z6?tag=eloabder-20&linkCode=osi&th=1&psc=1">View Product</a></div>

<div class="product"><a href="https://www.amazon.com/dp/B07T8C2FGP?tag=eloabder-20&linkCode=osi&th=1&psc=1"><img src="https://m.media-amazon.com/images/I/11REPowhbuL._SL500_.jpg" alt="Product Image"></a><p>Hanes Boys' Tank Undershirt, EcoSmart Cotton Shirt, Multiple Packs Available, White, Small</p><p>$9.00</p><a href="https://www.amazon.com/dp/B07T8C2FGP?tag=eloabder-20&linkCode=osi&th=1&psc=1">View Product</a></div><div class="product"><a href="https://www.amazon.com/dp/B07GLLY1B5?tag=eloabder-20&linkCode=osi&th=1&psc=1"><img src="https://m.media-amazon.com/images/I/21jImswBMOL._SL500_.jpg" alt="Product Image"></a><p>Fruit Of The Loom Boys Eversoft Cotton Undershirts, T Shirts & Tank Tops Underwear, Tank - Boys - 10 Pack - White, Small US</p><p>$18.99</p><a href="https://www.amazon.com/dp/B07GLLY1B5?tag=eloabder-20&linkCode=osi&th=1&psc=1">View Product</a></div>

















<div class="product"><a href="https://www.amazon.com/dp/B0CC6T1BXL?tag=eloabder-20&linkCode=osi&th=1&psc=1"><img src="https://m.media-amazon.com/images/I/51QfOhhRTAL._SL500_.jpg" alt="Product Image"></a><p>Hanes Boys' Big Performance Tween Boxer Brief Pack, X-Temp Mesh Underwear, Assorted, 6-Pack, Black/Blue/Green/Grey-6 Pack, X-Large</p><p>$16.13</p><a href="https://www.amazon.com/dp/B0CC6T1BXL?tag=eloabder-20&linkCode=osi&th=1&psc=1">View Product</a></div>
<div class="product"><a href="https://www.amazon.com/dp/B0CC6VPJ9T?tag=eloabder-20&linkCode=osi&th=1&psc=1"><img src="https://m.media-amazon.com/images/I/51QfOhhRTAL._SL500_.jpg" alt="Product Image"></a><p>Hanes Boys' Big Performance Tween Boxer Brief Pack, X-Temp Mesh Underwear, Assorted, Black/Blue/Green/Grey - 6 Pack, Small</p><p>$15.29</p><a href="https://www.amazon.com/dp/B0CC6VPJ9T?tag=eloabder-20&linkCode=osi&th=1&psc=1">View Product</a></div><div class="product"><a href="https://www.amazon.com/dp/B0BHX9MGTV?tag=eloabder-20&linkCode=osi&th=1&psc=1"><img src="https://m.media-amazon.com/images/I/41xmYCCb5TL._SL500_.jpg" alt="Product Image"></a><p>Hanes Men's Boys Boxer Briefs Pack, Cool Comfort Tagless Underwear, 7-Pack, Assorted, Large</p><p>$13.00</p><a href="https://www.amazon.com/dp/B0BHX9MGTV?tag=eloabder-20&linkCode=osi&th=1&psc=1">View Product</a></div><div class="product"><a href="https://www.amazon.com/dp/B071JVXMBW?tag=eloabder-20&linkCode=osi&th=1&psc=1"><img src="https://m.media-amazon.com/images/I/41dDO730qNL._SL500_.jpg" alt="Product Image"></a><p>Hanes Boys' and Toddler Underwear, Comfort Flex and ComfortSoft Boxer Briefs, Multiple Packs Available, Assorted-7 Pack, Large</p><p>$13.00</p><a href="https://www.amazon.com/dp/B071JVXMBW?tag=eloabder-20&linkCode=osi&th=1&psc=1">View Product</a></div>
<div class="product"><a href="https://www.amazon.com/dp/B0BHX978MW?tag=eloabder-20&linkCode=osi&th=1&psc=1"><img src="https://m.media-amazon.com/images/I/41DVOhGuwJL._SL500_.jpg" alt="Product Image"></a><p>Hanes Boys' and Toddler Underwear, Comfort Flex and ComfortSoft Boxer Briefs, Multiple Packs Available, Solids/Prints Assorted-pack of 10, Large</p><p>$18.49</p><a href="https://www.amazon.com/dp/B0BHX978MW?tag=eloabder-20&linkCode=osi&th=1&psc=1">View Product</a></div>
<div class="product"><a href="https://www.amazon.com/dp/B0BHXBJPZ6?tag=eloabder-20&linkCode=osi&th=1&psc=1"><img src="https://m.media-amazon.com/images/I/41xmYCCb5TL._SL500_.jpg" alt="Product Image"></a><p>Hanes Men's Boys Boxer Briefs Pack, Cool Comfort Tagless Underwear, 7-Pack, Assorted, Small</p><p>$13.00</p><a href="https://www.amazon.com/dp/B0BHXBJPZ6?tag=eloabder-20&linkCode=osi&th=1&psc=1">View Product</a></div><div class="product"><a href="https://www.amazon.com/dp/B07T9FYQS8?tag=eloabder-20&linkCode=osi&th=1&psc=1"><img src="https://m.media-amazon.com/images/I/41hpu+H+4BS._SL500_.jpg" alt="Product Image"></a><p>Hanes Boys' X-Temp Boxer Briefs, Moisture Wicking Breathable Underwear, Tagless, Assorted 6 Pack, Medium</p><p>$14.45</p><a href="https://www.amazon.com/dp/B07T9FYQS8?tag=eloabder-20&linkCode=osi&th=1&psc=1">View Product</a></div>
<div class="product"><a href="https://www.amazon.com/dp/B00S4GMSOI?tag=eloabder-20&linkCode=osi&th=1&psc=1"><img src="https://m.media-amazon.com/images/I/31iFPCkYcTL._SL500_.jpg" alt="Product Image"></a><p>Hanes Boys Socks, Double Tough Cushioned Crew 12-pair Packs Athletic-socks, White/Grey Bottom, Large US</p><p>$9.99</p><a href="https://www.amazon.com/dp/B00S4GMSOI?tag=eloabder-20&linkCode=osi&th=1&psc=1">View Product</a></div>



























<div class="product"><a href="https://www.amazon.com/dp/B07VWPNFMD?tag=eloabder-20&linkCode=osi&th=1&psc=1"><img src="https://m.media-amazon.com/images/I/41LJTb0eozL._SL500_.jpg" alt="Product Image"></a><p>Under Armour Youth Training Cotton Crew Socks, Multipairs , Black (6-Pairs) , Small</p><p>$17.99</p><a href="https://www.amazon.com/dp/B07VWPNFMD?tag=eloabder-20&linkCode=osi&th=1&psc=1">View Product</a></div>
<div class="product"><a href="https://www.amazon.com/dp/B00BXFGBAY?tag=eloabder-20&linkCode=osi&th=1&psc=1"><img src="https://m.media-amazon.com/images/I/31u+gpU4SqL._SL500_.jpg" alt="Product Image"></a><p>PHILIP B. Gentle Conditioning Shampoo 32 oz. (947 ml) | Light-weight Hair Moisturizer, Protecting Color, Adds Softness and Shine</p><p>$115.00 ($3.59 / Fl Oz)</p><a href="https://www.amazon.com/dp/B00BXFGBAY?tag=eloabder-20&linkCode=osi&th=1&psc=1">View Product</a></div>


<div class="product"><a href="https://www.amazon.com/dp/B07P9RWTVK?tag=eloabder-20&linkCode=osi&th=1&psc=1"><img src="https://m.media-amazon.com/images/I/51UYs9+XaEL._SL500_.jpg" alt="Product Image"></a><p>Cczmfeas Boys Toddler Dinosaur Cotton Underwear Boxer Briefs 6 Pack (6-8 Years, C- 6 Pack) Navy</p><p>$14.99</p><a href="https://www.amazon.com/dp/B07P9RWTVK?tag=eloabder-20&linkCode=osi&th=1&psc=1">View Product</a></div>





















<div class="product"><a href="https://www.amazon.com/dp/B07JXFXFDN?tag=eloabder-20&linkCode=osi&th=1&psc=1"><img src="https://m.media-amazon.com/images/I/31cedI+SL+L._SL500_.jpg" alt="Product Image"></a><p>Amazon Essentials Boys' Cotton Crew Sports Socks, 10 Pairs, White Stripe, Medium</p><p>$13.30</p><a href="https://www.amazon.com/dp/B07JXFXFDN?tag=eloabder-20&linkCode=osi&th=1&psc=1">View Product</a></div><div class="product"><a href="https://www.amazon.com/dp/B07JL9J6NW?tag=eloabder-20&linkCode=osi&th=1&psc=1"><img src="https://m.media-amazon.com/images/I/31TqyKO3LzL._SL500_.jpg" alt="Product Image"></a><p>Amazon Essentials Unisex Kids' Cotton Crew Socks, 10 Pairs, White/Grey, Large</p><p>$11.40</p><a href="https://www.amazon.com/dp/B07JL9J6NW?tag=eloabder-20&linkCode=osi&th=1&psc=1">View Product</a></div>


















































<div class="product"><a href="https://www.amazon.com/dp/B00VTVE4Z6?tag=eloabder-20&linkCode=osi&th=1&psc=1"><img src="https://m.media-amazon.com/images/I/21Gp9b3ASJL._SL500_.jpg" alt="Product Image"></a><p>Fruit Of The Loom Boys Eversoft Cotton Undershirts, T Shirts & Tank Tops Underwear, T Shirt - Boys - 5 Pack - White, X-Large US</p><p>$9.99</p><a href="https://www.amazon.com/dp/B00VTVE4Z6?tag=eloabder-20&linkCode=osi&th=1&psc=1">View Product</a></div>

<div class="product"><a href="https://www.amazon.com/dp/B07T8C2FGP?tag=eloabder-20&linkCode=osi&th=1&psc=1"><img src="https://m.media-amazon.com/images/I/11REPowhbuL._SL500_.jpg" alt="Product Image"></a><p>Hanes Boys' Tank Undershirt, EcoSmart Cotton Shirt, Multiple Packs Available, White, Small</p><p>$9.00</p><a href="https://www.amazon.com/dp/B07T8C2FGP?tag=eloabder-20&linkCode=osi&th=1&psc=1">View Product</a></div><div class="product"><a href="https://www.amazon.com/dp/B07GLLY1B5?tag=eloabder-20&linkCode=osi&th=1&psc=1"><img src="https://m.media-amazon.com/images/I/21jImswBMOL._SL500_.jpg" alt="Product Image"></a><p>Fruit Of The Loom Boys Eversoft Cotton Undershirts, T Shirts & Tank Tops Underwear, Tank - Boys - 10 Pack - White, Small US</p><p>$18.99</p><a href="https://www.amazon.com/dp/B07GLLY1B5?tag=eloabder-20&linkCode=osi&th=1&psc=1">View Product</a></div>

















<div class="product"><a href="https://www.amazon.com/dp/B0CC6T1BXL?tag=eloabder-20&linkCode=osi&th=1&psc=1"><img src="https://m.media-amazon.com/images/I/51QfOhhRTAL._SL500_.jpg" alt="Product Image"></a><p>Hanes Boys' Big Performance Tween Boxer Brief Pack, X-Temp Mesh Underwear, Assorted, 6-Pack, Black/Blue/Green/Grey-6 Pack, X-Large</p><p>$16.13</p><a href="https://www.amazon.com/dp/B0CC6T1BXL?tag=eloabder-20&linkCode=osi&th=1&psc=1">View Product</a></div>
<div class="product"><a href="https://www.amazon.com/dp/B0CC6VPJ9T?tag=eloabder-20&linkCode=osi&th=1&psc=1"><img src="https://m.media-amazon.com/images/I/51QfOhhRTAL._SL500_.jpg" alt="Product Image"></a><p>Hanes Boys' Big Performance Tween Boxer Brief Pack, X-Temp Mesh Underwear, Assorted, Black/Blue/Green/Grey - 6 Pack, Small</p><p>$15.29</p><a href="https://www.amazon.com/dp/B0CC6VPJ9T?tag=eloabder-20&linkCode=osi&th=1&psc=1">View Product</a></div><div class="product"><a href="https://www.amazon.com/dp/B0BHX9MGTV?tag=eloabder-20&linkCode=osi&th=1&psc=1"><img src="https://m.media-amazon.com/images/I/41xmYCCb5TL._SL500_.jpg" alt="Product Image"></a><p>Hanes Men's Boys Boxer Briefs Pack, Cool Comfort Tagless Underwear, 7-Pack, Assorted, Large</p><p>$13.00</p><a href="https://www.amazon.com/dp/B0BHX9MGTV?tag=eloabder-20&linkCode=osi&th=1&psc=1">View Product</a></div><div class="product"><a href="https://www.amazon.com/dp/B071JVXMBW?tag=eloabder-20&linkCode=osi&th=1&psc=1"><img src="https://m.media-amazon.com/images/I/41dDO730qNL._SL500_.jpg" alt="Product Image"></a><p>Hanes Boys' and Toddler Underwear, Comfort Flex and ComfortSoft Boxer Briefs, Multiple Packs Available, Assorted-7 Pack, Large</p><p>$13.00</p><a href="https://www.amazon.com/dp/B071JVXMBW?tag=eloabder-20&linkCode=osi&th=1&psc=1">View Product</a></div>
<div class="product"><a href="https://www.amazon.com/dp/B0BHX978MW?tag=eloabder-20&linkCode=osi&th=1&psc=1"><img src="https://m.media-amazon.com/images/I/41DVOhGuwJL._SL500_.jpg" alt="Product Image"></a><p>Hanes Boys' and Toddler Underwear, Comfort Flex and ComfortSoft Boxer Briefs, Multiple Packs Available, Solids/Prints Assorted-pack of 10, Large</p><p>$18.49</p><a href="https://www.amazon.com/dp/B0BHX978MW?tag=eloabder-20&linkCode=osi&th=1&psc=1">View Product</a></div>
<div class="product"><a href="https://www.amazon.com/dp/B0BHXBJPZ6?tag=eloabder-20&linkCode=osi&th=1&psc=1"><img src="https://m.media-amazon.com/images/I/41xmYCCb5TL._SL500_.jpg" alt="Product Image"></a><p>Hanes Men's Boys Boxer Briefs Pack, Cool Comfort Tagless Underwear, 7-Pack, Assorted, Small</p><p>$13.00</p><a href="https://www.amazon.com/dp/B0BHXBJPZ6?tag=eloabder-20&linkCode=osi&th=1&psc=1">View Product</a></div><div class="product"><a href="https://www.amazon.com/dp/B07T9FYQS8?tag=eloabder-20&linkCode=osi&th=1&psc=1"><img src="https://m.media-amazon.com/images/I/41hpu+H+4BS._SL500_.jpg" alt="Product Image"></a><p>Hanes Boys' X-Temp Boxer Briefs, Moisture Wicking Breathable Underwear, Tagless, Assorted 6 Pack, Medium</p><p>$14.45</p><a href="https://www.amazon.com/dp/B07T9FYQS8?tag=eloabder-20&linkCode=osi&th=1&psc=1">View Product</a></div>
<div class="product"><a href="https://www.amazon.com/dp/B00S4GMSOI?tag=eloabder-20&linkCode=osi&th=1&psc=1"><img src="https://m.media-amazon.com/images/I/31iFPCkYcTL._SL500_.jpg" alt="Product Image"></a><p>Hanes Boys Socks, Double Tough Cushioned Crew 12-pair Packs Athletic-socks, White/Grey Bottom, Large US</p><p>$9.99</p><a href="https://www.amazon.com/dp/B00S4GMSOI?tag=eloabder-20&linkCode=osi&th=1&psc=1">View Product</a></div>



























<div class="product"><a href="https://www.amazon.com/dp/B07VWPNFMD?tag=eloabder-20&linkCode=osi&th=1&psc=1"><img src="https://m.media-amazon.com/images/I/41LJTb0eozL._SL500_.jpg" alt="Product Image"></a><p>Under Armour Youth Training Cotton Crew Socks, Multipairs , Black (6-Pairs) , Small</p><p>$17.99</p><a href="https://www.amazon.com/dp/B07VWPNFMD?tag=eloabder-20&linkCode=osi&th=1&psc=1">View Product</a></div>
<div class="product"><a href="https://www.amazon.com/dp/B00BXFGBAY?tag=eloabder-20&linkCode=osi&th=1&psc=1"><img src="https://m.media-amazon.com/images/I/31u+gpU4SqL._SL500_.jpg" alt="Product Image"></a><p>PHILIP B. Gentle Conditioning Shampoo 32 oz. (947 ml) | Light-weight Hair Moisturizer, Protecting Color, Adds Softness and Shine</p><p>$115.00 ($3.59 / Fl Oz)</p><a href="https://www.amazon.com/dp/B00BXFGBAY?tag=eloabder-20&linkCode=osi&th=1&psc=1">View Product</a></div>


<div class="product"><a href="https://www.amazon.com/dp/B07P9RWTVK?tag=eloabder-20&linkCode=osi&th=1&psc=1"><img src="https://m.media-amazon.com/images/I/51UYs9+XaEL._SL500_.jpg" alt="Product Image"></a><p>Cczmfeas Boys Toddler Dinosaur Cotton Underwear Boxer Briefs 6 Pack (6-8 Years, C- 6 Pack) Navy</p><p>$14.99</p><a href="https://www.amazon.com/dp/B07P9RWTVK?tag=eloabder-20&linkCode=osi&th=1&psc=1">View Product</a></div>





















<div class="product"><a href="https://www.amazon.com/dp/B07JXFXFDN?tag=eloabder-20&linkCode=osi&th=1&psc=1"><img src="https://m.media-amazon.com/images/I/31cedI+SL+L._SL500_.jpg" alt="Product Image"></a><p>Amazon Essentials Boys' Cotton Crew Sports Socks, 10 Pairs, White Stripe, Medium</p><p>$13.30</p><a href="https://www.amazon.com/dp/B07JXFXFDN?tag=eloabder-20&linkCode=osi&th=1&psc=1">View Product</a></div><div class="product"><a href="https://www.amazon.com/dp/B07JL9J6NW?tag=eloabder-20&linkCode=osi&th=1&psc=1"><img src="https://m.media-amazon.com/images/I/31TqyKO3LzL._SL500_.jpg" alt="Product Image"></a><p>Amazon Essentials Unisex Kids' Cotton Crew Socks, 10 Pairs, White/Grey, Large</p><p>$11.40</p><a href="https://www.amazon.com/dp/B07JL9J6NW?tag=eloabder-20&linkCode=osi&th=1&psc=1">View Product</a></div>



















































<div class="product"><a href="https://www.amazon.com/dp/B00VTVE4Z6?tag=eloabder-20&linkCode=osi&th=1&psc=1"><img src="https://m.media-amazon.com/images/I/21Gp9b3ASJL._SL500_.jpg" alt="Product Image"></a><p>Fruit Of The Loom Boys Eversoft Cotton Undershirts, T Shirts & Tank Tops Underwear, T Shirt - Boys - 5 Pack - White, X-Large US</p><p>$9.99</p><a href="https://www.amazon.com/dp/B00VTVE4Z6?tag=eloabder-20&linkCode=osi&th=1&psc=1">View Product</a></div>

<div class="product"><a href="https://www.amazon.com/dp/B07T8C2FGP?tag=eloabder-20&linkCode=osi&th=1&psc=1"><img src="https://m.media-amazon.com/images/I/11REPowhbuL._SL500_.jpg" alt="Product Image"></a><p>Hanes Boys' Tank Undershirt, EcoSmart Cotton Shirt, Multiple Packs Available, White, Small</p><p>$9.00</p><a href="https://www.amazon.com/dp/B07T8C2FGP?tag=eloabder-20&linkCode=osi&th=1&psc=1">View Product</a></div><div class="product"><a href="https://www.amazon.com/dp/B07GLLY1B5?tag=eloabder-20&linkCode=osi&th=1&psc=1"><img src="https://m.media-amazon.com/images/I/21jImswBMOL._SL500_.jpg" alt="Product Image"></a><p>Fruit Of The Loom Boys Eversoft Cotton Undershirts, T Shirts & Tank Tops Underwear, Tank - Boys - 10 Pack - White, Small US</p><p>$18.99</p><a href="https://www.amazon.com/dp/B07GLLY1B5?tag=eloabder-20&linkCode=osi&th=1&psc=1">View Product</a></div>

















<div class="product"><a href="https://www.amazon.com/dp/B0CC6T1BXL?tag=eloabder-20&linkCode=osi&th=1&psc=1"><img src="https://m.media-amazon.com/images/I/51QfOhhRTAL._SL500_.jpg" alt="Product Image"></a><p>Hanes Boys' Big Performance Tween Boxer Brief Pack, X-Temp Mesh Underwear, Assorted, 6-Pack, Black/Blue/Green/Grey-6 Pack, X-Large</p><p>$16.13</p><a href="https://www.amazon.com/dp/B0CC6T1BXL?tag=eloabder-20&linkCode=osi&th=1&psc=1">View Product</a></div>
<div class="product"><a href="https://www.amazon.com/dp/B0CC6VPJ9T?tag=eloabder-20&linkCode=osi&th=1&psc=1"><img src="https://m.media-amazon.com/images/I/51QfOhhRTAL._SL500_.jpg" alt="Product Image"></a><p>Hanes Boys' Big Performance Tween Boxer Brief Pack, X-Temp Mesh Underwear, Assorted, Black/Blue/Green/Grey - 6 Pack, Small</p><p>$15.29</p><a href="https://www.amazon.com/dp/B0CC6VPJ9T?tag=eloabder-20&linkCode=osi&th=1&psc=1">View Product</a></div><div class="product"><a href="https://www.amazon.com/dp/B0BHX9MGTV?tag=eloabder-20&linkCode=osi&th=1&psc=1"><img src="https://m.media-amazon.com/images/I/41xmYCCb5TL._SL500_.jpg" alt="Product Image"></a><p>Hanes Men's Boys Boxer Briefs Pack, Cool Comfort Tagless Underwear, 7-Pack, Assorted, Large</p><p>$13.00</p><a href="https://www.amazon.com/dp/B0BHX9MGTV?tag=eloabder-20&linkCode=osi&th=1&psc=1">View Product</a></div><div class="product"><a href="https://www.amazon.com/dp/B071JVXMBW?tag=eloabder-20&linkCode=osi&th=1&psc=1"><img src="https://m.media-amazon.com/images/I/41dDO730qNL._SL500_.jpg" alt="Product Image"></a><p>Hanes Boys' and Toddler Underwear, Comfort Flex and ComfortSoft Boxer Briefs, Multiple Packs Available, Assorted-7 Pack, Large</p><p>$13.00</p><a href="https://www.amazon.com/dp/B071JVXMBW?tag=eloabder-20&linkCode=osi&th=1&psc=1">View Product</a></div>
<div class="product"><a href="https://www.amazon.com/dp/B0BHX978MW?tag=eloabder-20&linkCode=osi&th=1&psc=1"><img src="https://m.media-amazon.com/images/I/41DVOhGuwJL._SL500_.jpg" alt="Product Image"></a><p>Hanes Boys' and Toddler Underwear, Comfort Flex and ComfortSoft Boxer Briefs, Multiple Packs Available, Solids/Prints Assorted-pack of 10, Large</p><p>$18.49</p><a href="https://www.amazon.com/dp/B0BHX978MW?tag=eloabder-20&linkCode=osi&th=1&psc=1">View Product</a></div>
<div class="product"><a href="https://www.amazon.com/dp/B0BHXBJPZ6?tag=eloabder-20&linkCode=osi&th=1&psc=1"><img src="https://m.media-amazon.com/images/I/41xmYCCb5TL._SL500_.jpg" alt="Product Image"></a><p>Hanes Men's Boys Boxer Briefs Pack, Cool Comfort Tagless Underwear, 7-Pack, Assorted, Small</p><p>$13.00</p><a href="https://www.amazon.com/dp/B0BHXBJPZ6?tag=eloabder-20&linkCode=osi&th=1&psc=1">View Product</a></div><div class="product"><a href="https://www.amazon.com/dp/B07T9FYQS8?tag=eloabder-20&linkCode=osi&th=1&psc=1"><img src="https://m.media-amazon.com/images/I/41hpu+H+4BS._SL500_.jpg" alt="Product Image"></a><p>Hanes Boys' X-Temp Boxer Briefs, Moisture Wicking Breathable Underwear, Tagless, Assorted 6 Pack, Medium</p><p>$14.45</p><a href="https://www.amazon.com/dp/B07T9FYQS8?tag=eloabder-20&linkCode=osi&th=1&psc=1">View Product</a></div>
<div class="product"><a href="https://www.amazon.com/dp/B00S4GMSOI?tag=eloabder-20&linkCode=osi&th=1&psc=1"><img src="https://m.media-amazon.com/images/I/31iFPCkYcTL._SL500_.jpg" alt="Product Image"></a><p>Hanes Boys Socks, Double Tough Cushioned Crew 12-pair Packs Athletic-socks, White/Grey Bottom, Large US</p><p>$9.99</p><a href="https://www.amazon.com/dp/B00S4GMSOI?tag=eloabder-20&linkCode=osi&th=1&psc=1">View Product</a></div>



























<div class="product"><a href="https://www.amazon.com/dp/B07VWPNFMD?tag=eloabder-20&linkCode=osi&th=1&psc=1"><img src="https://m.media-amazon.com/images/I/41LJTb0eozL._SL500_.jpg" alt="Product Image"></a><p>Under Armour Youth Training Cotton Crew Socks, Multipairs , Black (6-Pairs) , Small</p><p>$17.99</p><a href="https://www.amazon.com/dp/B07VWPNFMD?tag=eloabder-20&linkCode=osi&th=1&psc=1">View Product</a></div>
<div class="product"><a href="https://www.amazon.com/dp/B00BXFGBAY?tag=eloabder-20&linkCode=osi&th=1&psc=1"><img src="https://m.media-amazon.com/images/I/31u+gpU4SqL._SL500_.jpg" alt="Product Image"></a><p>PHILIP B. Gentle Conditioning Shampoo 32 oz. (947 ml) | Light-weight Hair Moisturizer, Protecting Color, Adds Softness and Shine</p><p>$115.00 ($3.59 / Fl Oz)</p><a href="https://www.amazon.com/dp/B00BXFGBAY?tag=eloabder-20&linkCode=osi&th=1&psc=1">View Product</a></div>


<div class="product"><a href="https://www.amazon.com/dp/B07P9RWTVK?tag=eloabder-20&linkCode=osi&th=1&psc=1"><img src="https://m.media-amazon.com/images/I/51UYs9+XaEL._SL500_.jpg" alt="Product Image"></a><p>Cczmfeas Boys Toddler Dinosaur Cotton Underwear Boxer Briefs 6 Pack (6-8 Years, C- 6 Pack) Navy</p><p>$14.99</p><a href="https://www.amazon.com/dp/B07P9RWTVK?tag=eloabder-20&linkCode=osi&th=1&psc=1">View Product</a></div>





















<div class="product"><a href="https://www.amazon.com/dp/B07JXFXFDN?tag=eloabder-20&linkCode=osi&th=1&psc=1"><img src="https://m.media-amazon.com/images/I/31cedI+SL+L._SL500_.jpg" alt="Product Image"></a><p>Amazon Essentials Boys' Cotton Crew Sports Socks, 10 Pairs, White Stripe, Medium</p><p>$13.30</p><a href="https://www.amazon.com/dp/B07JXFXFDN?tag=eloabder-20&linkCode=osi&th=1&psc=1">View Product</a></div><div class="product"><a href="https://www.amazon.com/dp/B07JL9J6NW?tag=eloabder-20&linkCode=osi&th=1&psc=1"><img src="https://m.media-amazon.com/images/I/31TqyKO3LzL._SL500_.jpg" alt="Product Image"></a><p>Amazon Essentials Unisex Kids' Cotton Crew Socks, 10 Pairs, White/Grey, Large</p><p>$11.40</p><a href="https://www.amazon.com/dp/B07JL9J6NW?tag=eloabder-20&linkCode=osi&th=1&psc=1">View Product</a></div>




















































<div class="product"><a href="https://www.amazon.com/dp/B00VTVE4Z6?tag=eloabder-20&linkCode=osi&th=1&psc=1"><img src="https://m.media-amazon.com/images/I/21Gp9b3ASJL._SL500_.jpg" alt="Product Image"></a><p>Fruit Of The Loom Boys Eversoft Cotton Undershirts, T Shirts & Tank Tops Underwear, T Shirt - Boys - 5 Pack - White, X-Large US</p><p>$9.99</p><a href="https://www.amazon.com/dp/B00VTVE4Z6?tag=eloabder-20&linkCode=osi&th=1&psc=1">View Product</a></div>

<div class="product"><a href="https://www.amazon.com/dp/B07T8C2FGP?tag=eloabder-20&linkCode=osi&th=1&psc=1"><img src="https://m.media-amazon.com/images/I/11REPowhbuL._SL500_.jpg" alt="Product Image"></a><p>Hanes Boys' Tank Undershirt, EcoSmart Cotton Shirt, Multiple Packs Available, White, Small</p><p>$9.00</p><a href="https://www.amazon.com/dp/B07T8C2FGP?tag=eloabder-20&linkCode=osi&th=1&psc=1">View Product</a></div><div class="product"><a href="https://www.amazon.com/dp/B07GLLY1B5?tag=eloabder-20&linkCode=osi&th=1&psc=1"><img src="https://m.media-amazon.com/images/I/21jImswBMOL._SL500_.jpg" alt="Product Image"></a><p>Fruit Of The Loom Boys Eversoft Cotton Undershirts, T Shirts & Tank Tops Underwear, Tank - Boys - 10 Pack - White, Small US</p><p>$18.99</p><a href="https://www.amazon.com/dp/B07GLLY1B5?tag=eloabder-20&linkCode=osi&th=1&psc=1">View Product</a></div>

















<div class="product"><a href="https://www.amazon.com/dp/B0CC6T1BXL?tag=eloabder-20&linkCode=osi&th=1&psc=1"><img src="https://m.media-amazon.com/images/I/51QfOhhRTAL._SL500_.jpg" alt="Product Image"></a><p>Hanes Boys' Big Performance Tween Boxer Brief Pack, X-Temp Mesh Underwear, Assorted, 6-Pack, Black/Blue/Green/Grey-6 Pack, X-Large</p><p>$16.13</p><a href="https://www.amazon.com/dp/B0CC6T1BXL?tag=eloabder-20&linkCode=osi&th=1&psc=1">View Product</a></div>
<div class="product"><a href="https://www.amazon.com/dp/B0CC6VPJ9T?tag=eloabder-20&linkCode=osi&th=1&psc=1"><img src="https://m.media-amazon.com/images/I/51QfOhhRTAL._SL500_.jpg" alt="Product Image"></a><p>Hanes Boys' Big Performance Tween Boxer Brief Pack, X-Temp Mesh Underwear, Assorted, Black/Blue/Green/Grey - 6 Pack, Small</p><p>$15.29</p><a href="https://www.amazon.com/dp/B0CC6VPJ9T?tag=eloabder-20&linkCode=osi&th=1&psc=1">View Product</a></div><div class="product"><a href="https://www.amazon.com/dp/B0BHX9MGTV?tag=eloabder-20&linkCode=osi&th=1&psc=1"><img src="https://m.media-amazon.com/images/I/41xmYCCb5TL._SL500_.jpg" alt="Product Image"></a><p>Hanes Men's Boys Boxer Briefs Pack, Cool Comfort Tagless Underwear, 7-Pack, Assorted, Large</p><p>$13.00</p><a href="https://www.amazon.com/dp/B0BHX9MGTV?tag=eloabder-20&linkCode=osi&th=1&psc=1">View Product</a></div><div class="product"><a href="https://www.amazon.com/dp/B071JVXMBW?tag=eloabder-20&linkCode=osi&th=1&psc=1"><img src="https://m.media-amazon.com/images/I/41dDO730qNL._SL500_.jpg" alt="Product Image"></a><p>Hanes Boys' and Toddler Underwear, Comfort Flex and ComfortSoft Boxer Briefs, Multiple Packs Available, Assorted-7 Pack, Large</p><p>$13.00</p><a href="https://www.amazon.com/dp/B071JVXMBW?tag=eloabder-20&linkCode=osi&th=1&psc=1">View Product</a></div>
<div class="product"><a href="https://www.amazon.com/dp/B0BHX978MW?tag=eloabder-20&linkCode=osi&th=1&psc=1"><img src="https://m.media-amazon.com/images/I/41DVOhGuwJL._SL500_.jpg" alt="Product Image"></a><p>Hanes Boys' and Toddler Underwear, Comfort Flex and ComfortSoft Boxer Briefs, Multiple Packs Available, Solids/Prints Assorted-pack of 10, Large</p><p>$18.49</p><a href="https://www.amazon.com/dp/B0BHX978MW?tag=eloabder-20&linkCode=osi&th=1&psc=1">View Product</a></div>
<div class="product"><a href="https://www.amazon.com/dp/B0BHXBJPZ6?tag=eloabder-20&linkCode=osi&th=1&psc=1"><img src="https://m.media-amazon.com/images/I/41xmYCCb5TL._SL500_.jpg" alt="Product Image"></a><p>Hanes Men's Boys Boxer Briefs Pack, Cool Comfort Tagless Underwear, 7-Pack, Assorted, Small</p><p>$13.00</p><a href="https://www.amazon.com/dp/B0BHXBJPZ6?tag=eloabder-20&linkCode=osi&th=1&psc=1">View Product</a></div><div class="product"><a href="https://www.amazon.com/dp/B07T9FYQS8?tag=eloabder-20&linkCode=osi&th=1&psc=1"><img src="https://m.media-amazon.com/images/I/41hpu+H+4BS._SL500_.jpg" alt="Product Image"></a><p>Hanes Boys' X-Temp Boxer Briefs, Moisture Wicking Breathable Underwear, Tagless, Assorted 6 Pack, Medium</p><p>$14.45</p><a href="https://www.amazon.com/dp/B07T9FYQS8?tag=eloabder-20&linkCode=osi&th=1&psc=1">View Product</a></div>
<div class="product"><a href="https://www.amazon.com/dp/B00S4GMSOI?tag=eloabder-20&linkCode=osi&th=1&psc=1"><img src="https://m.media-amazon.com/images/I/31iFPCkYcTL._SL500_.jpg" alt="Product Image"></a><p>Hanes Boys Socks, Double Tough Cushioned Crew 12-pair Packs Athletic-socks, White/Grey Bottom, Large US</p><p>$9.99</p><a href="https://www.amazon.com/dp/B00S4GMSOI?tag=eloabder-20&linkCode=osi&th=1&psc=1">View Product</a></div>



























<div class="product"><a href="https://www.amazon.com/dp/B07VWPNFMD?tag=eloabder-20&linkCode=osi&th=1&psc=1"><img src="https://m.media-amazon.com/images/I/41LJTb0eozL._SL500_.jpg" alt="Product Image"></a><p>Under Armour Youth Training Cotton Crew Socks, Multipairs , Black (6-Pairs) , Small</p><p>$17.99</p><a href="https://www.amazon.com/dp/B07VWPNFMD?tag=eloabder-20&linkCode=osi&th=1&psc=1">View Product</a></div>
<div class="product"><a href="https://www.amazon.com/dp/B00BXFGBAY?tag=eloabder-20&linkCode=osi&th=1&psc=1"><img src="https://m.media-amazon.com/images/I/31u+gpU4SqL._SL500_.jpg" alt="Product Image"></a><p>PHILIP B. Gentle Conditioning Shampoo 32 oz. (947 ml) | Light-weight Hair Moisturizer, Protecting Color, Adds Softness and Shine</p><p>$115.00 ($3.59 / Fl Oz)</p><a href="https://www.amazon.com/dp/B00BXFGBAY?tag=eloabder-20&linkCode=osi&th=1&psc=1">View Product</a></div>


<div class="product"><a href="https://www.amazon.com/dp/B07P9RWTVK?tag=eloabder-20&linkCode=osi&th=1&psc=1"><img src="https://m.media-amazon.com/images/I/51UYs9+XaEL._SL500_.jpg" alt="Product Image"></a><p>Cczmfeas Boys Toddler Dinosaur Cotton Underwear Boxer Briefs 6 Pack (6-8 Years, C- 6 Pack) Navy</p><p>$14.99</p><a href="https://www.amazon.com/dp/B07P9RWTVK?tag=eloabder-20&linkCode=osi&th=1&psc=1">View Product</a></div>





















<div class="product"><a href="https://www.amazon.com/dp/B07JXFXFDN?tag=eloabder-20&linkCode=osi&th=1&psc=1"><img src="https://m.media-amazon.com/images/I/31cedI+SL+L._SL500_.jpg" alt="Product Image"></a><p>Amazon Essentials Boys' Cotton Crew Sports Socks, 10 Pairs, White Stripe, Medium</p><p>$13.30</p><a href="https://www.amazon.com/dp/B07JXFXFDN?tag=eloabder-20&linkCode=osi&th=1&psc=1">View Product</a></div><div class="product"><a href="https://www.amazon.com/dp/B07JL9J6NW?tag=eloabder-20&linkCode=osi&th=1&psc=1"><img src="https://m.media-amazon.com/images/I/31TqyKO3LzL._SL500_.jpg" alt="Product Image"></a><p>Amazon Essentials Unisex Kids' Cotton Crew Socks, 10 Pairs, White/Grey, Large</p><p>$11.40</p><a href="https://www.amazon.com/dp/B07JL9J6NW?tag=eloabder-20&linkCode=osi&th=1&psc=1">View Product</a></div>





















































<div class="product"><a href="https://www.amazon.com/dp/B00VTVE4Z6?tag=eloabder-20&linkCode=osi&th=1&psc=1"><img src="https://m.media-amazon.com/images/I/21Gp9b3ASJL._SL500_.jpg" alt="Product Image"></a><p>Fruit Of The Loom Boys Eversoft Cotton Undershirts, T Shirts & Tank Tops Underwear, T Shirt - Boys - 5 Pack - White, X-Large US</p><p>$9.99</p><a href="https://www.amazon.com/dp/B00VTVE4Z6?tag=eloabder-20&linkCode=osi&th=1&psc=1">View Product</a></div>

<div class="product"><a href="https://www.amazon.com/dp/B07T8C2FGP?tag=eloabder-20&linkCode=osi&th=1&psc=1"><img src="https://m.media-amazon.com/images/I/11REPowhbuL._SL500_.jpg" alt="Product Image"></a><p>Hanes Boys' Tank Undershirt, EcoSmart Cotton Shirt, Multiple Packs Available, White, Small</p><p>$9.00</p><a href="https://www.amazon.com/dp/B07T8C2FGP?tag=eloabder-20&linkCode=osi&th=1&psc=1">View Product</a></div><div class="product"><a href="https://www.amazon.com/dp/B07GLLY1B5?tag=eloabder-20&linkCode=osi&th=1&psc=1"><img src="https://m.media-amazon.com/images/I/21jImswBMOL._SL500_.jpg" alt="Product Image"></a><p>Fruit Of The Loom Boys Eversoft Cotton Undershirts, T Shirts & Tank Tops Underwear, Tank - Boys - 10 Pack - White, Small US</p><p>$18.99</p><a href="https://www.amazon.com/dp/B07GLLY1B5?tag=eloabder-20&linkCode=osi&th=1&psc=1">View Product</a></div>

















<div class="product"><a href="https://www.amazon.com/dp/B0CC6T1BXL?tag=eloabder-20&linkCode=osi&th=1&psc=1"><img src="https://m.media-amazon.com/images/I/51QfOhhRTAL._SL500_.jpg" alt="Product Image"></a><p>Hanes Boys' Big Performance Tween Boxer Brief Pack, X-Temp Mesh Underwear, Assorted, 6-Pack, Black/Blue/Green/Grey-6 Pack, X-Large</p><p>$16.13</p><a href="https://www.amazon.com/dp/B0CC6T1BXL?tag=eloabder-20&linkCode=osi&th=1&psc=1">View Product</a></div>
<div class="product"><a href="https://www.amazon.com/dp/B0CC6VPJ9T?tag=eloabder-20&linkCode=osi&th=1&psc=1"><img src="https://m.media-amazon.com/images/I/51QfOhhRTAL._SL500_.jpg" alt="Product Image"></a><p>Hanes Boys' Big Performance Tween Boxer Brief Pack, X-Temp Mesh Underwear, Assorted, Black/Blue/Green/Grey - 6 Pack, Small</p><p>$15.29</p><a href="https://www.amazon.com/dp/B0CC6VPJ9T?tag=eloabder-20&linkCode=osi&th=1&psc=1">View Product</a></div><div class="product"><a href="https://www.amazon.com/dp/B0BHX9MGTV?tag=eloabder-20&linkCode=osi&th=1&psc=1"><img src="https://m.media-amazon.com/images/I/41xmYCCb5TL._SL500_.jpg" alt="Product Image"></a><p>Hanes Men's Boys Boxer Briefs Pack, Cool Comfort Tagless Underwear, 7-Pack, Assorted, Large</p><p>$13.00</p><a href="https://www.amazon.com/dp/B0BHX9MGTV?tag=eloabder-20&linkCode=osi&th=1&psc=1">View Product</a></div><div class="product"><a href="https://www.amazon.com/dp/B071JVXMBW?tag=eloabder-20&linkCode=osi&th=1&psc=1"><img src="https://m.media-amazon.com/images/I/41dDO730qNL._SL500_.jpg" alt="Product Image"></a><p>Hanes Boys' and Toddler Underwear, Comfort Flex and ComfortSoft Boxer Briefs, Multiple Packs Available, Assorted-7 Pack, Large</p><p>$13.00</p><a href="https://www.amazon.com/dp/B071JVXMBW?tag=eloabder-20&linkCode=osi&th=1&psc=1">View Product</a></div>
<div class="product"><a href="https://www.amazon.com/dp/B0BHX978MW?tag=eloabder-20&linkCode=osi&th=1&psc=1"><img src="https://m.media-amazon.com/images/I/41DVOhGuwJL._SL500_.jpg" alt="Product Image"></a><p>Hanes Boys' and Toddler Underwear, Comfort Flex and ComfortSoft Boxer Briefs, Multiple Packs Available, Solids/Prints Assorted-pack of 10, Large</p><p>$18.49</p><a href="https://www.amazon.com/dp/B0BHX978MW?tag=eloabder-20&linkCode=osi&th=1&psc=1">View Product</a></div>
<div class="product"><a href="https://www.amazon.com/dp/B0BHXBJPZ6?tag=eloabder-20&linkCode=osi&th=1&psc=1"><img src="https://m.media-amazon.com/images/I/41xmYCCb5TL._SL500_.jpg" alt="Product Image"></a><p>Hanes Men's Boys Boxer Briefs Pack, Cool Comfort Tagless Underwear, 7-Pack, Assorted, Small</p><p>$13.00</p><a href="https://www.amazon.com/dp/B0BHXBJPZ6?tag=eloabder-20&linkCode=osi&th=1&psc=1">View Product</a></div><div class="product"><a href="https://www.amazon.com/dp/B07T9FYQS8?tag=eloabder-20&linkCode=osi&th=1&psc=1"><img src="https://m.media-amazon.com/images/I/41hpu+H+4BS._SL500_.jpg" alt="Product Image"></a><p>Hanes Boys' X-Temp Boxer Briefs, Moisture Wicking Breathable Underwear, Tagless, Assorted 6 Pack, Medium</p><p>$14.45</p><a href="https://www.amazon.com/dp/B07T9FYQS8?tag=eloabder-20&linkCode=osi&th=1&psc=1">View Product</a></div>
<div class="product"><a href="https://www.amazon.com/dp/B00S4GMSOI?tag=eloabder-20&linkCode=osi&th=1&psc=1"><img src="https://m.media-amazon.com/images/I/31iFPCkYcTL._SL500_.jpg" alt="Product Image"></a><p>Hanes Boys Socks, Double Tough Cushioned Crew 12-pair Packs Athletic-socks, White/Grey Bottom, Large US</p><p>$9.99</p><a href="https://www.amazon.com/dp/B00S4GMSOI?tag=eloabder-20&linkCode=osi&th=1&psc=1">View Product</a></div>



























<div class="product"><a href="https://www.amazon.com/dp/B07VWPNFMD?tag=eloabder-20&linkCode=osi&th=1&psc=1"><img src="https://m.media-amazon.com/images/I/41LJTb0eozL._SL500_.jpg" alt="Product Image"></a><p>Under Armour Youth Training Cotton Crew Socks, Multipairs , Black (6-Pairs) , Small</p><p>$17.99</p><a href="https://www.amazon.com/dp/B07VWPNFMD?tag=eloabder-20&linkCode=osi&th=1&psc=1">View Product</a></div>
<div class="product"><a href="https://www.amazon.com/dp/B00BXFGBAY?tag=eloabder-20&linkCode=osi&th=1&psc=1"><img src="https://m.media-amazon.com/images/I/31u+gpU4SqL._SL500_.jpg" alt="Product Image"></a><p>PHILIP B. Gentle Conditioning Shampoo 32 oz. (947 ml) | Light-weight Hair Moisturizer, Protecting Color, Adds Softness and Shine</p><p>$115.00 ($3.59 / Fl Oz)</p><a href="https://www.amazon.com/dp/B00BXFGBAY?tag=eloabder-20&linkCode=osi&th=1&psc=1">View Product</a></div>


<div class="product"><a href="https://www.amazon.com/dp/B07P9RWTVK?tag=eloabder-20&linkCode=osi&th=1&psc=1"><img src="https://m.media-amazon.com/images/I/51UYs9+XaEL._SL500_.jpg" alt="Product Image"></a><p>Cczmfeas Boys Toddler Dinosaur Cotton Underwear Boxer Briefs 6 Pack (6-8 Years, C- 6 Pack) Navy</p><p>$14.99</p><a href="https://www.amazon.com/dp/B07P9RWTVK?tag=eloabder-20&linkCode=osi&th=1&psc=1">View Product</a></div>





















<div class="product"><a href="https://www.amazon.com/dp/B07JXFXFDN?tag=eloabder-20&linkCode=osi&th=1&psc=1"><img src="https://m.media-amazon.com/images/I/31cedI+SL+L._SL500_.jpg" alt="Product Image"></a><p>Amazon Essentials Boys' Cotton Crew Sports Socks, 10 Pairs, White Stripe, Medium</p><p>$13.30</p><a href="https://www.amazon.com/dp/B07JXFXFDN?tag=eloabder-20&linkCode=osi&th=1&psc=1">View Product</a></div><div class="product"><a href="https://www.amazon.com/dp/B07JL9J6NW?tag=eloabder-20&linkCode=osi&th=1&psc=1"><img src="https://m.media-amazon.com/images/I/31TqyKO3LzL._SL500_.jpg" alt="Product Image"></a><p>Amazon Essentials Unisex Kids' Cotton Crew Socks, 10 Pairs, White/Grey, Large</p><p>$11.40</p><a href="https://www.amazon.com/dp/B07JL9J6NW?tag=eloabder-20&linkCode=osi&th=1&psc=1">View Product</a></div>






















































<div class="product"><a href="https://www.amazon.com/dp/B00VTVE4Z6?tag=eloabder-20&linkCode=osi&th=1&psc=1"><img src="https://m.media-amazon.com/images/I/21Gp9b3ASJL._SL500_.jpg" alt="Product Image"></a><p>Fruit Of The Loom Boys Eversoft Cotton Undershirts, T Shirts & Tank Tops Underwear, T Shirt - Boys - 5 Pack - White, X-Large US</p><p>$9.99</p><a href="https://www.amazon.com/dp/B00VTVE4Z6?tag=eloabder-20&linkCode=osi&th=1&psc=1">View Product</a></div>

<div class="product"><a href="https://www.amazon.com/dp/B07T8C2FGP?tag=eloabder-20&linkCode=osi&th=1&psc=1"><img src="https://m.media-amazon.com/images/I/11REPowhbuL._SL500_.jpg" alt="Product Image"></a><p>Hanes Boys' Tank Undershirt, EcoSmart Cotton Shirt, Multiple Packs Available, White, Small</p><p>$9.00</p><a href="https://www.amazon.com/dp/B07T8C2FGP?tag=eloabder-20&linkCode=osi&th=1&psc=1">View Product</a></div><div class="product"><a href="https://www.amazon.com/dp/B07GLLY1B5?tag=eloabder-20&linkCode=osi&th=1&psc=1"><img src="https://m.media-amazon.com/images/I/21jImswBMOL._SL500_.jpg" alt="Product Image"></a><p>Fruit Of The Loom Boys Eversoft Cotton Undershirts, T Shirts & Tank Tops Underwear, Tank - Boys - 10 Pack - White, Small US</p><p>$18.99</p><a href="https://www.amazon.com/dp/B07GLLY1B5?tag=eloabder-20&linkCode=osi&th=1&psc=1">View Product</a></div>

















<div class="product"><a href="https://www.amazon.com/dp/B0CC6T1BXL?tag=eloabder-20&linkCode=osi&th=1&psc=1"><img src="https://m.media-amazon.com/images/I/51QfOhhRTAL._SL500_.jpg" alt="Product Image"></a><p>Hanes Boys' Big Performance Tween Boxer Brief Pack, X-Temp Mesh Underwear, Assorted, 6-Pack, Black/Blue/Green/Grey-6 Pack, X-Large</p><p>$16.13</p><a href="https://www.amazon.com/dp/B0CC6T1BXL?tag=eloabder-20&linkCode=osi&th=1&psc=1">View Product</a></div>
<div class="product"><a href="https://www.amazon.com/dp/B0CC6VPJ9T?tag=eloabder-20&linkCode=osi&th=1&psc=1"><img src="https://m.media-amazon.com/images/I/51QfOhhRTAL._SL500_.jpg" alt="Product Image"></a><p>Hanes Boys' Big Performance Tween Boxer Brief Pack, X-Temp Mesh Underwear, Assorted, Black/Blue/Green/Grey - 6 Pack, Small</p><p>$15.29</p><a href="https://www.amazon.com/dp/B0CC6VPJ9T?tag=eloabder-20&linkCode=osi&th=1&psc=1">View Product</a></div><div class="product"><a href="https://www.amazon.com/dp/B0BHX9MGTV?tag=eloabder-20&linkCode=osi&th=1&psc=1"><img src="https://m.media-amazon.com/images/I/41xmYCCb5TL._SL500_.jpg" alt="Product Image"></a><p>Hanes Men's Boys Boxer Briefs Pack, Cool Comfort Tagless Underwear, 7-Pack, Assorted, Large</p><p>$13.00</p><a href="https://www.amazon.com/dp/B0BHX9MGTV?tag=eloabder-20&linkCode=osi&th=1&psc=1">View Product</a></div><div class="product"><a href="https://www.amazon.com/dp/B071JVXMBW?tag=eloabder-20&linkCode=osi&th=1&psc=1"><img src="https://m.media-amazon.com/images/I/41dDO730qNL._SL500_.jpg" alt="Product Image"></a><p>Hanes Boys' and Toddler Underwear, Comfort Flex and ComfortSoft Boxer Briefs, Multiple Packs Available, Assorted-7 Pack, Large</p><p>$13.00</p><a href="https://www.amazon.com/dp/B071JVXMBW?tag=eloabder-20&linkCode=osi&th=1&psc=1">View Product</a></div>
<div class="product"><a href="https://www.amazon.com/dp/B0BHX978MW?tag=eloabder-20&linkCode=osi&th=1&psc=1"><img src="https://m.media-amazon.com/images/I/41DVOhGuwJL._SL500_.jpg" alt="Product Image"></a><p>Hanes Boys' and Toddler Underwear, Comfort Flex and ComfortSoft Boxer Briefs, Multiple Packs Available, Solids/Prints Assorted-pack of 10, Large</p><p>$18.49</p><a href="https://www.amazon.com/dp/B0BHX978MW?tag=eloabder-20&linkCode=osi&th=1&psc=1">View Product</a></div>
<div class="product"><a href="https://www.amazon.com/dp/B0BHXBJPZ6?tag=eloabder-20&linkCode=osi&th=1&psc=1"><img src="https://m.media-amazon.com/images/I/41xmYCCb5TL._SL500_.jpg" alt="Product Image"></a><p>Hanes Men's Boys Boxer Briefs Pack, Cool Comfort Tagless Underwear, 7-Pack, Assorted, Small</p><p>$13.00</p><a href="https://www.amazon.com/dp/B0BHXBJPZ6?tag=eloabder-20&linkCode=osi&th=1&psc=1">View Product</a></div><div class="product"><a href="https://www.amazon.com/dp/B07T9FYQS8?tag=eloabder-20&linkCode=osi&th=1&psc=1"><img src="https://m.media-amazon.com/images/I/41hpu+H+4BS._SL500_.jpg" alt="Product Image"></a><p>Hanes Boys' X-Temp Boxer Briefs, Moisture Wicking Breathable Underwear, Tagless, Assorted 6 Pack, Medium</p><p>$14.45</p><a href="https://www.amazon.com/dp/B07T9FYQS8?tag=eloabder-20&linkCode=osi&th=1&psc=1">View Product</a></div>
<div class="product"><a href="https://www.amazon.com/dp/B00S4GMSOI?tag=eloabder-20&linkCode=osi&th=1&psc=1"><img src="https://m.media-amazon.com/images/I/31iFPCkYcTL._SL500_.jpg" alt="Product Image"></a><p>Hanes Boys Socks, Double Tough Cushioned Crew 12-pair Packs Athletic-socks, White/Grey Bottom, Large US</p><p>$9.99</p><a href="https://www.amazon.com/dp/B00S4GMSOI?tag=eloabder-20&linkCode=osi&th=1&psc=1">View Product</a></div>



























<div class="product"><a href="https://www.amazon.com/dp/B07VWPNFMD?tag=eloabder-20&linkCode=osi&th=1&psc=1"><img src="https://m.media-amazon.com/images/I/41LJTb0eozL._SL500_.jpg" alt="Product Image"></a><p>Under Armour Youth Training Cotton Crew Socks, Multipairs , Black (6-Pairs) , Small</p><p>$17.99</p><a href="https://www.amazon.com/dp/B07VWPNFMD?tag=eloabder-20&linkCode=osi&th=1&psc=1">View Product</a></div>
<div class="product"><a href="https://www.amazon.com/dp/B00BXFGBAY?tag=eloabder-20&linkCode=osi&th=1&psc=1"><img src="https://m.media-amazon.com/images/I/31u+gpU4SqL._SL500_.jpg" alt="Product Image"></a><p>PHILIP B. Gentle Conditioning Shampoo 32 oz. (947 ml) | Light-weight Hair Moisturizer, Protecting Color, Adds Softness and Shine</p><p>$115.00 ($3.59 / Fl Oz)</p><a href="https://www.amazon.com/dp/B00BXFGBAY?tag=eloabder-20&linkCode=osi&th=1&psc=1">View Product</a></div>


<div class="product"><a href="https://www.amazon.com/dp/B07P9RWTVK?tag=eloabder-20&linkCode=osi&th=1&psc=1"><img src="https://m.media-amazon.com/images/I/51UYs9+XaEL._SL500_.jpg" alt="Product Image"></a><p>Cczmfeas Boys Toddler Dinosaur Cotton Underwear Boxer Briefs 6 Pack (6-8 Years, C- 6 Pack) Navy</p><p>$14.99</p><a href="https://www.amazon.com/dp/B07P9RWTVK?tag=eloabder-20&linkCode=osi&th=1&psc=1">View Product</a></div>





















<div class="product"><a href="https://www.amazon.com/dp/B07JXFXFDN?tag=eloabder-20&linkCode=osi&th=1&psc=1"><img src="https://m.media-amazon.com/images/I/31cedI+SL+L._SL500_.jpg" alt="Product Image"></a><p>Amazon Essentials Boys' Cotton Crew Sports Socks, 10 Pairs, White Stripe, Medium</p><p>$13.30</p><a href="https://www.amazon.com/dp/B07JXFXFDN?tag=eloabder-20&linkCode=osi&th=1&psc=1">View Product</a></div><div class="product"><a href="https://www.amazon.com/dp/B07JL9J6NW?tag=eloabder-20&linkCode=osi&th=1&psc=1"><img src="https://m.media-amazon.com/images/I/31TqyKO3LzL._SL500_.jpg" alt="Product Image"></a><p>Amazon Essentials Unisex Kids' Cotton Crew Socks, 10 Pairs, White/Grey, Large</p><p>$11.40</p><a href="https://www.amazon.com/dp/B07JL9J6NW?tag=eloabder-20&linkCode=osi&th=1&psc=1">View Product</a></div>























































<div class="product"><a href="https://www.amazon.com/dp/B00VTVE4Z6?tag=eloabder-20&linkCode=osi&th=1&psc=1"><img src="https://m.media-amazon.com/images/I/21Gp9b3ASJL._SL500_.jpg" alt="Product Image"></a><p>Fruit Of The Loom Boys Eversoft Cotton Undershirts, T Shirts & Tank Tops Underwear, T Shirt - Boys - 5 Pack - White, X-Large US</p><p>$9.99</p><a href="https://www.amazon.com/dp/B00VTVE4Z6?tag=eloabder-20&linkCode=osi&th=1&psc=1">View Product</a></div>

<div class="product"><a href="https://www.amazon.com/dp/B07T8C2FGP?tag=eloabder-20&linkCode=osi&th=1&psc=1"><img src="https://m.media-amazon.com/images/I/11REPowhbuL._SL500_.jpg" alt="Product Image"></a><p>Hanes Boys' Tank Undershirt, EcoSmart Cotton Shirt, Multiple Packs Available, White, Small</p><p>$9.00</p><a href="https://www.amazon.com/dp/B07T8C2FGP?tag=eloabder-20&linkCode=osi&th=1&psc=1">View Product</a></div><div class="product"><a href="https://www.amazon.com/dp/B07GLLY1B5?tag=eloabder-20&linkCode=osi&th=1&psc=1"><img src="https://m.media-amazon.com/images/I/21jImswBMOL._SL500_.jpg" alt="Product Image"></a><p>Fruit Of The Loom Boys Eversoft Cotton Undershirts, T Shirts & Tank Tops Underwear, Tank - Boys - 10 Pack - White, Small US</p><p>$18.99</p><a href="https://www.amazon.com/dp/B07GLLY1B5?tag=eloabder-20&linkCode=osi&th=1&psc=1">View Product</a></div>

















<div class="product"><a href="https://www.amazon.com/dp/B0CC6T1BXL?tag=eloabder-20&linkCode=osi&th=1&psc=1"><img src="https://m.media-amazon.com/images/I/51QfOhhRTAL._SL500_.jpg" alt="Product Image"></a><p>Hanes Boys' Big Performance Tween Boxer Brief Pack, X-Temp Mesh Underwear, Assorted, 6-Pack, Black/Blue/Green/Grey-6 Pack, X-Large</p><p>$16.13</p><a href="https://www.amazon.com/dp/B0CC6T1BXL?tag=eloabder-20&linkCode=osi&th=1&psc=1">View Product</a></div>
<div class="product"><a href="https://www.amazon.com/dp/B0CC6VPJ9T?tag=eloabder-20&linkCode=osi&th=1&psc=1"><img src="https://m.media-amazon.com/images/I/51QfOhhRTAL._SL500_.jpg" alt="Product Image"></a><p>Hanes Boys' Big Performance Tween Boxer Brief Pack, X-Temp Mesh Underwear, Assorted, Black/Blue/Green/Grey - 6 Pack, Small</p><p>$15.29</p><a href="https://www.amazon.com/dp/B0CC6VPJ9T?tag=eloabder-20&linkCode=osi&th=1&psc=1">View Product</a></div><div class="product"><a href="https://www.amazon.com/dp/B0BHX9MGTV?tag=eloabder-20&linkCode=osi&th=1&psc=1"><img src="https://m.media-amazon.com/images/I/41xmYCCb5TL._SL500_.jpg" alt="Product Image"></a><p>Hanes Men's Boys Boxer Briefs Pack, Cool Comfort Tagless Underwear, 7-Pack, Assorted, Large</p><p>$13.00</p><a href="https://www.amazon.com/dp/B0BHX9MGTV?tag=eloabder-20&linkCode=osi&th=1&psc=1">View Product</a></div><div class="product"><a href="https://www.amazon.com/dp/B071JVXMBW?tag=eloabder-20&linkCode=osi&th=1&psc=1"><img src="https://m.media-amazon.com/images/I/41dDO730qNL._SL500_.jpg" alt="Product Image"></a><p>Hanes Boys' and Toddler Underwear, Comfort Flex and ComfortSoft Boxer Briefs, Multiple Packs Available, Assorted-7 Pack, Large</p><p>$13.00</p><a href="https://www.amazon.com/dp/B071JVXMBW?tag=eloabder-20&linkCode=osi&th=1&psc=1">View Product</a></div>
<div class="product"><a href="https://www.amazon.com/dp/B0BHX978MW?tag=eloabder-20&linkCode=osi&th=1&psc=1"><img src="https://m.media-amazon.com/images/I/41DVOhGuwJL._SL500_.jpg" alt="Product Image"></a><p>Hanes Boys' and Toddler Underwear, Comfort Flex and ComfortSoft Boxer Briefs, Multiple Packs Available, Solids/Prints Assorted-pack of 10, Large</p><p>$18.49</p><a href="https://www.amazon.com/dp/B0BHX978MW?tag=eloabder-20&linkCode=osi&th=1&psc=1">View Product</a></div>
<div class="product"><a href="https://www.amazon.com/dp/B0BHXBJPZ6?tag=eloabder-20&linkCode=osi&th=1&psc=1"><img src="https://m.media-amazon.com/images/I/41xmYCCb5TL._SL500_.jpg" alt="Product Image"></a><p>Hanes Men's Boys Boxer Briefs Pack, Cool Comfort Tagless Underwear, 7-Pack, Assorted, Small</p><p>$13.00</p><a href="https://www.amazon.com/dp/B0BHXBJPZ6?tag=eloabder-20&linkCode=osi&th=1&psc=1">View Product</a></div><div class="product"><a href="https://www.amazon.com/dp/B07T9FYQS8?tag=eloabder-20&linkCode=osi&th=1&psc=1"><img src="https://m.media-amazon.com/images/I/41hpu+H+4BS._SL500_.jpg" alt="Product Image"></a><p>Hanes Boys' X-Temp Boxer Briefs, Moisture Wicking Breathable Underwear, Tagless, Assorted 6 Pack, Medium</p><p>$14.45</p><a href="https://www.amazon.com/dp/B07T9FYQS8?tag=eloabder-20&linkCode=osi&th=1&psc=1">View Product</a></div>
<div class="product"><a href="https://www.amazon.com/dp/B00S4GMSOI?tag=eloabder-20&linkCode=osi&th=1&psc=1"><img src="https://m.media-amazon.com/images/I/31iFPCkYcTL._SL500_.jpg" alt="Product Image"></a><p>Hanes Boys Socks, Double Tough Cushioned Crew 12-pair Packs Athletic-socks, White/Grey Bottom, Large US</p><p>$9.99</p><a href="https://www.amazon.com/dp/B00S4GMSOI?tag=eloabder-20&linkCode=osi&th=1&psc=1">View Product</a></div>



























<div class="product"><a href="https://www.amazon.com/dp/B07VWPNFMD?tag=eloabder-20&linkCode=osi&th=1&psc=1"><img src="https://m.media-amazon.com/images/I/41LJTb0eozL._SL500_.jpg" alt="Product Image"></a><p>Under Armour Youth Training Cotton Crew Socks, Multipairs , Black (6-Pairs) , Small</p><p>$17.99</p><a href="https://www.amazon.com/dp/B07VWPNFMD?tag=eloabder-20&linkCode=osi&th=1&psc=1">View Product</a></div>
<div class="product"><a href="https://www.amazon.com/dp/B00BXFGBAY?tag=eloabder-20&linkCode=osi&th=1&psc=1"><img src="https://m.media-amazon.com/images/I/31u+gpU4SqL._SL500_.jpg" alt="Product Image"></a><p>PHILIP B. Gentle Conditioning Shampoo 32 oz. (947 ml) | Light-weight Hair Moisturizer, Protecting Color, Adds Softness and Shine</p><p>$115.00 ($3.59 / Fl Oz)</p><a href="https://www.amazon.com/dp/B00BXFGBAY?tag=eloabder-20&linkCode=osi&th=1&psc=1">View Product</a></div>


<div class="product"><a href="https://www.amazon.com/dp/B07P9RWTVK?tag=eloabder-20&linkCode=osi&th=1&psc=1"><img src="https://m.media-amazon.com/images/I/51UYs9+XaEL._SL500_.jpg" alt="Product Image"></a><p>Cczmfeas Boys Toddler Dinosaur Cotton Underwear Boxer Briefs 6 Pack (6-8 Years, C- 6 Pack) Navy</p><p>$14.99</p><a href="https://www.amazon.com/dp/B07P9RWTVK?tag=eloabder-20&linkCode=osi&th=1&psc=1">View Product</a></div>





















<div class="product"><a href="https://www.amazon.com/dp/B07JXFXFDN?tag=eloabder-20&linkCode=osi&th=1&psc=1"><img src="https://m.media-amazon.com/images/I/31cedI+SL+L._SL500_.jpg" alt="Product Image"></a><p>Amazon Essentials Boys' Cotton Crew Sports Socks, 10 Pairs, White Stripe, Medium</p><p>$13.30</p><a href="https://www.amazon.com/dp/B07JXFXFDN?tag=eloabder-20&linkCode=osi&th=1&psc=1">View Product</a></div><div class="product"><a href="https://www.amazon.com/dp/B07JL9J6NW?tag=eloabder-20&linkCode=osi&th=1&psc=1"><img src="https://m.media-amazon.com/images/I/31TqyKO3LzL._SL500_.jpg" alt="Product Image"></a><p>Amazon Essentials Unisex Kids' Cotton Crew Socks, 10 Pairs, White/Grey, Large</p><p>$11.40</p><a href="https://www.amazon.com/dp/B07JL9J6NW?tag=eloabder-20&linkCode=osi&th=1&psc=1">View Product</a></div>
























































<div class="product"><a href="https://www.amazon.com/dp/B00VTVE4Z6?tag=eloabder-20&linkCode=osi&th=1&psc=1"><img src="https://m.media-amazon.com/images/I/21Gp9b3ASJL._SL500_.jpg" alt="Product Image"></a><p>Fruit Of The Loom Boys Eversoft Cotton Undershirts, T Shirts & Tank Tops Underwear, T Shirt - Boys - 5 Pack - White, X-Large US</p><p>$9.99</p><a href="https://www.amazon.com/dp/B00VTVE4Z6?tag=eloabder-20&linkCode=osi&th=1&psc=1">View Product</a></div>

<div class="product"><a href="https://www.amazon.com/dp/B07T8C2FGP?tag=eloabder-20&linkCode=osi&th=1&psc=1"><img src="https://m.media-amazon.com/images/I/11REPowhbuL._SL500_.jpg" alt="Product Image"></a><p>Hanes Boys' Tank Undershirt, EcoSmart Cotton Shirt, Multiple Packs Available, White, Small</p><p>$9.00</p><a href="https://www.amazon.com/dp/B07T8C2FGP?tag=eloabder-20&linkCode=osi&th=1&psc=1">View Product</a></div><div class="product"><a href="https://www.amazon.com/dp/B07GLLY1B5?tag=eloabder-20&linkCode=osi&th=1&psc=1"><img src="https://m.media-amazon.com/images/I/21jImswBMOL._SL500_.jpg" alt="Product Image"></a><p>Fruit Of The Loom Boys Eversoft Cotton Undershirts, T Shirts & Tank Tops Underwear, Tank - Boys - 10 Pack - White, Small US</p><p>$18.99</p><a href="https://www.amazon.com/dp/B07GLLY1B5?tag=eloabder-20&linkCode=osi&th=1&psc=1">View Product</a></div>

















<div class="product"><a href="https://www.amazon.com/dp/B0CC6T1BXL?tag=eloabder-20&linkCode=osi&th=1&psc=1"><img src="https://m.media-amazon.com/images/I/51QfOhhRTAL._SL500_.jpg" alt="Product Image"></a><p>Hanes Boys' Big Performance Tween Boxer Brief Pack, X-Temp Mesh Underwear, Assorted, 6-Pack, Black/Blue/Green/Grey-6 Pack, X-Large</p><p>$16.13</p><a href="https://www.amazon.com/dp/B0CC6T1BXL?tag=eloabder-20&linkCode=osi&th=1&psc=1">View Product</a></div>
<div class="product"><a href="https://www.amazon.com/dp/B0CC6VPJ9T?tag=eloabder-20&linkCode=osi&th=1&psc=1"><img src="https://m.media-amazon.com/images/I/51QfOhhRTAL._SL500_.jpg" alt="Product Image"></a><p>Hanes Boys' Big Performance Tween Boxer Brief Pack, X-Temp Mesh Underwear, Assorted, Black/Blue/Green/Grey - 6 Pack, Small</p><p>$15.29</p><a href="https://www.amazon.com/dp/B0CC6VPJ9T?tag=eloabder-20&linkCode=osi&th=1&psc=1">View Product</a></div><div class="product"><a href="https://www.amazon.com/dp/B0BHX9MGTV?tag=eloabder-20&linkCode=osi&th=1&psc=1"><img src="https://m.media-amazon.com/images/I/41xmYCCb5TL._SL500_.jpg" alt="Product Image"></a><p>Hanes Men's Boys Boxer Briefs Pack, Cool Comfort Tagless Underwear, 7-Pack, Assorted, Large</p><p>$13.00</p><a href="https://www.amazon.com/dp/B0BHX9MGTV?tag=eloabder-20&linkCode=osi&th=1&psc=1">View Product</a></div><div class="product"><a href="https://www.amazon.com/dp/B071JVXMBW?tag=eloabder-20&linkCode=osi&th=1&psc=1"><img src="https://m.media-amazon.com/images/I/41dDO730qNL._SL500_.jpg" alt="Product Image"></a><p>Hanes Boys' and Toddler Underwear, Comfort Flex and ComfortSoft Boxer Briefs, Multiple Packs Available, Assorted-7 Pack, Large</p><p>$13.00</p><a href="https://www.amazon.com/dp/B071JVXMBW?tag=eloabder-20&linkCode=osi&th=1&psc=1">View Product</a></div>
<div class="product"><a href="https://www.amazon.com/dp/B0BHX978MW?tag=eloabder-20&linkCode=osi&th=1&psc=1"><img src="https://m.media-amazon.com/images/I/41DVOhGuwJL._SL500_.jpg" alt="Product Image"></a><p>Hanes Boys' and Toddler Underwear, Comfort Flex and ComfortSoft Boxer Briefs, Multiple Packs Available, Solids/Prints Assorted-pack of 10, Large</p><p>$18.49</p><a href="https://www.amazon.com/dp/B0BHX978MW?tag=eloabder-20&linkCode=osi&th=1&psc=1">View Product</a></div>
<div class="product"><a href="https://www.amazon.com/dp/B0BHXBJPZ6?tag=eloabder-20&linkCode=osi&th=1&psc=1"><img src="https://m.media-amazon.com/images/I/41xmYCCb5TL._SL500_.jpg" alt="Product Image"></a><p>Hanes Men's Boys Boxer Briefs Pack, Cool Comfort Tagless Underwear, 7-Pack, Assorted, Small</p><p>$13.00</p><a href="https://www.amazon.com/dp/B0BHXBJPZ6?tag=eloabder-20&linkCode=osi&th=1&psc=1">View Product</a></div><div class="product"><a href="https://www.amazon.com/dp/B07T9FYQS8?tag=eloabder-20&linkCode=osi&th=1&psc=1"><img src="https://m.media-amazon.com/images/I/41hpu+H+4BS._SL500_.jpg" alt="Product Image"></a><p>Hanes Boys' X-Temp Boxer Briefs, Moisture Wicking Breathable Underwear, Tagless, Assorted 6 Pack, Medium</p><p>$14.45</p><a href="https://www.amazon.com/dp/B07T9FYQS8?tag=eloabder-20&linkCode=osi&th=1&psc=1">View Product</a></div>
<div class="product"><a href="https://www.amazon.com/dp/B00S4GMSOI?tag=eloabder-20&linkCode=osi&th=1&psc=1"><img src="https://m.media-amazon.com/images/I/31iFPCkYcTL._SL500_.jpg" alt="Product Image"></a><p>Hanes Boys Socks, Double Tough Cushioned Crew 12-pair Packs Athletic-socks, White/Grey Bottom, Large US</p><p>$9.99</p><a href="https://www.amazon.com/dp/B00S4GMSOI?tag=eloabder-20&linkCode=osi&th=1&psc=1">View Product</a></div>



























<div class="product"><a href="https://www.amazon.com/dp/B07VWPNFMD?tag=eloabder-20&linkCode=osi&th=1&psc=1"><img src="https://m.media-amazon.com/images/I/41LJTb0eozL._SL500_.jpg" alt="Product Image"></a><p>Under Armour Youth Training Cotton Crew Socks, Multipairs , Black (6-Pairs) , Small</p><p>$17.99</p><a href="https://www.amazon.com/dp/B07VWPNFMD?tag=eloabder-20&linkCode=osi&th=1&psc=1">View Product</a></div>
<div class="product"><a href="https://www.amazon.com/dp/B00BXFGBAY?tag=eloabder-20&linkCode=osi&th=1&psc=1"><img src="https://m.media-amazon.com/images/I/31u+gpU4SqL._SL500_.jpg" alt="Product Image"></a><p>PHILIP B. Gentle Conditioning Shampoo 32 oz. (947 ml) | Light-weight Hair Moisturizer, Protecting Color, Adds Softness and Shine</p><p>$115.00 ($3.59 / Fl Oz)</p><a href="https://www.amazon.com/dp/B00BXFGBAY?tag=eloabder-20&linkCode=osi&th=1&psc=1">View Product</a></div>


<div class="product"><a href="https://www.amazon.com/dp/B07P9RWTVK?tag=eloabder-20&linkCode=osi&th=1&psc=1"><img src="https://m.media-amazon.com/images/I/51UYs9+XaEL._SL500_.jpg" alt="Product Image"></a><p>Cczmfeas Boys Toddler Dinosaur Cotton Underwear Boxer Briefs 6 Pack (6-8 Years, C- 6 Pack) Navy</p><p>$14.99</p><a href="https://www.amazon.com/dp/B07P9RWTVK?tag=eloabder-20&linkCode=osi&th=1&psc=1">View Product</a></div>





















<div class="product"><a href="https://www.amazon.com/dp/B07JXFXFDN?tag=eloabder-20&linkCode=osi&th=1&psc=1"><img src="https://m.media-amazon.com/images/I/31cedI+SL+L._SL500_.jpg" alt="Product Image"></a><p>Amazon Essentials Boys' Cotton Crew Sports Socks, 10 Pairs, White Stripe, Medium</p><p>$13.30</p><a href="https://www.amazon.com/dp/B07JXFXFDN?tag=eloabder-20&linkCode=osi&th=1&psc=1">View Product</a></div><div class="product"><a href="https://www.amazon.com/dp/B07JL9J6NW?tag=eloabder-20&linkCode=osi&th=1&psc=1"><img src="https://m.media-amazon.com/images/I/31TqyKO3LzL._SL500_.jpg" alt="Product Image"></a><p>Amazon Essentials Unisex Kids' Cotton Crew Socks, 10 Pairs, White/Grey, Large</p><p>$11.40</p><a href="https://www.amazon.com/dp/B07JL9J6NW?tag=eloabder-20&linkCode=osi&th=1&psc=1">View Product</a></div>

























































<div class="product"><a href="https://www.amazon.com/dp/B00VTVE4Z6?tag=eloabder-20&linkCode=osi&th=1&psc=1"><img src="https://m.media-amazon.com/images/I/21Gp9b3ASJL._SL500_.jpg" alt="Product Image"></a><p>Fruit Of The Loom Boys Eversoft Cotton Undershirts, T Shirts & Tank Tops Underwear, T Shirt - Boys - 5 Pack - White, X-Large US</p><p>$9.99</p><a href="https://www.amazon.com/dp/B00VTVE4Z6?tag=eloabder-20&linkCode=osi&th=1&psc=1">View Product</a></div>

<div class="product"><a href="https://www.amazon.com/dp/B07T8C2FGP?tag=eloabder-20&linkCode=osi&th=1&psc=1"><img src="https://m.media-amazon.com/images/I/11REPowhbuL._SL500_.jpg" alt="Product Image"></a><p>Hanes Boys' Tank Undershirt, EcoSmart Cotton Shirt, Multiple Packs Available, White, Small</p><p>$9.00</p><a href="https://www.amazon.com/dp/B07T8C2FGP?tag=eloabder-20&linkCode=osi&th=1&psc=1">View Product</a></div><div class="product"><a href="https://www.amazon.com/dp/B07GLLY1B5?tag=eloabder-20&linkCode=osi&th=1&psc=1"><img src="https://m.media-amazon.com/images/I/21jImswBMOL._SL500_.jpg" alt="Product Image"></a><p>Fruit Of The Loom Boys Eversoft Cotton Undershirts, T Shirts & Tank Tops Underwear, Tank - Boys - 10 Pack - White, Small US</p><p>$18.99</p><a href="https://www.amazon.com/dp/B07GLLY1B5?tag=eloabder-20&linkCode=osi&th=1&psc=1">View Product</a></div>

















<div class="product"><a href="https://www.amazon.com/dp/B0CC6T1BXL?tag=eloabder-20&linkCode=osi&th=1&psc=1"><img src="https://m.media-amazon.com/images/I/51QfOhhRTAL._SL500_.jpg" alt="Product Image"></a><p>Hanes Boys' Big Performance Tween Boxer Brief Pack, X-Temp Mesh Underwear, Assorted, 6-Pack, Black/Blue/Green/Grey-6 Pack, X-Large</p><p>$16.13</p><a href="https://www.amazon.com/dp/B0CC6T1BXL?tag=eloabder-20&linkCode=osi&th=1&psc=1">View Product</a></div>
<div class="product"><a href="https://www.amazon.com/dp/B0CC6VPJ9T?tag=eloabder-20&linkCode=osi&th=1&psc=1"><img src="https://m.media-amazon.com/images/I/51QfOhhRTAL._SL500_.jpg" alt="Product Image"></a><p>Hanes Boys' Big Performance Tween Boxer Brief Pack, X-Temp Mesh Underwear, Assorted, Black/Blue/Green/Grey - 6 Pack, Small</p><p>$15.29</p><a href="https://www.amazon.com/dp/B0CC6VPJ9T?tag=eloabder-20&linkCode=osi&th=1&psc=1">View Product</a></div><div class="product"><a href="https://www.amazon.com/dp/B0BHX9MGTV?tag=eloabder-20&linkCode=osi&th=1&psc=1"><img src="https://m.media-amazon.com/images/I/41xmYCCb5TL._SL500_.jpg" alt="Product Image"></a><p>Hanes Men's Boys Boxer Briefs Pack, Cool Comfort Tagless Underwear, 7-Pack, Assorted, Large</p><p>$13.00</p><a href="https://www.amazon.com/dp/B0BHX9MGTV?tag=eloabder-20&linkCode=osi&th=1&psc=1">View Product</a></div><div class="product"><a href="https://www.amazon.com/dp/B071JVXMBW?tag=eloabder-20&linkCode=osi&th=1&psc=1"><img src="https://m.media-amazon.com/images/I/41dDO730qNL._SL500_.jpg" alt="Product Image"></a><p>Hanes Boys' and Toddler Underwear, Comfort Flex and ComfortSoft Boxer Briefs, Multiple Packs Available, Assorted-7 Pack, Large</p><p>$13.00</p><a href="https://www.amazon.com/dp/B071JVXMBW?tag=eloabder-20&linkCode=osi&th=1&psc=1">View Product</a></div>
<div class="product"><a href="https://www.amazon.com/dp/B0BHX978MW?tag=eloabder-20&linkCode=osi&th=1&psc=1"><img src="https://m.media-amazon.com/images/I/41DVOhGuwJL._SL500_.jpg" alt="Product Image"></a><p>Hanes Boys' and Toddler Underwear, Comfort Flex and ComfortSoft Boxer Briefs, Multiple Packs Available, Solids/Prints Assorted-pack of 10, Large</p><p>$18.49</p><a href="https://www.amazon.com/dp/B0BHX978MW?tag=eloabder-20&linkCode=osi&th=1&psc=1">View Product</a></div>
<div class="product"><a href="https://www.amazon.com/dp/B0BHXBJPZ6?tag=eloabder-20&linkCode=osi&th=1&psc=1"><img src="https://m.media-amazon.com/images/I/41xmYCCb5TL._SL500_.jpg" alt="Product Image"></a><p>Hanes Men's Boys Boxer Briefs Pack, Cool Comfort Tagless Underwear, 7-Pack, Assorted, Small</p><p>$13.00</p><a href="https://www.amazon.com/dp/B0BHXBJPZ6?tag=eloabder-20&linkCode=osi&th=1&psc=1">View Product</a></div><div class="product"><a href="https://www.amazon.com/dp/B07T9FYQS8?tag=eloabder-20&linkCode=osi&th=1&psc=1"><img src="https://m.media-amazon.com/images/I/41hpu+H+4BS._SL500_.jpg" alt="Product Image"></a><p>Hanes Boys' X-Temp Boxer Briefs, Moisture Wicking Breathable Underwear, Tagless, Assorted 6 Pack, Medium</p><p>$14.45</p><a href="https://www.amazon.com/dp/B07T9FYQS8?tag=eloabder-20&linkCode=osi&th=1&psc=1">View Product</a></div>
<div class="product"><a href="https://www.amazon.com/dp/B00S4GMSOI?tag=eloabder-20&linkCode=osi&th=1&psc=1"><img src="https://m.media-amazon.com/images/I/31iFPCkYcTL._SL500_.jpg" alt="Product Image"></a><p>Hanes Boys Socks, Double Tough Cushioned Crew 12-pair Packs Athletic-socks, White/Grey Bottom, Large US</p><p>$9.99</p><a href="https://www.amazon.com/dp/B00S4GMSOI?tag=eloabder-20&linkCode=osi&th=1&psc=1">View Product</a></div>



























<div class="product"><a href="https://www.amazon.com/dp/B07VWPNFMD?tag=eloabder-20&linkCode=osi&th=1&psc=1"><img src="https://m.media-amazon.com/images/I/41LJTb0eozL._SL500_.jpg" alt="Product Image"></a><p>Under Armour Youth Training Cotton Crew Socks, Multipairs , Black (6-Pairs) , Small</p><p>$17.99</p><a href="https://www.amazon.com/dp/B07VWPNFMD?tag=eloabder-20&linkCode=osi&th=1&psc=1">View Product</a></div>
<div class="product"><a href="https://www.amazon.com/dp/B00BXFGBAY?tag=eloabder-20&linkCode=osi&th=1&psc=1"><img src="https://m.media-amazon.com/images/I/31u+gpU4SqL._SL500_.jpg" alt="Product Image"></a><p>PHILIP B. Gentle Conditioning Shampoo 32 oz. (947 ml) | Light-weight Hair Moisturizer, Protecting Color, Adds Softness and Shine</p><p>$115.00 ($3.59 / Fl Oz)</p><a href="https://www.amazon.com/dp/B00BXFGBAY?tag=eloabder-20&linkCode=osi&th=1&psc=1">View Product</a></div>


<div class="product"><a href="https://www.amazon.com/dp/B07P9RWTVK?tag=eloabder-20&linkCode=osi&th=1&psc=1"><img src="https://m.media-amazon.com/images/I/51UYs9+XaEL._SL500_.jpg" alt="Product Image"></a><p>Cczmfeas Boys Toddler Dinosaur Cotton Underwear Boxer Briefs 6 Pack (6-8 Years, C- 6 Pack) Navy</p><p>$14.99</p><a href="https://www.amazon.com/dp/B07P9RWTVK?tag=eloabder-20&linkCode=osi&th=1&psc=1">View Product</a></div>





















<div class="product"><a href="https://www.amazon.com/dp/B07JXFXFDN?tag=eloabder-20&linkCode=osi&th=1&psc=1"><img src="https://m.media-amazon.com/images/I/31cedI+SL+L._SL500_.jpg" alt="Product Image"></a><p>Amazon Essentials Boys' Cotton Crew Sports Socks, 10 Pairs, White Stripe, Medium</p><p>$13.30</p><a href="https://www.amazon.com/dp/B07JXFXFDN?tag=eloabder-20&linkCode=osi&th=1&psc=1">View Product</a></div><div class="product"><a href="https://www.amazon.com/dp/B07JL9J6NW?tag=eloabder-20&linkCode=osi&th=1&psc=1"><img src="https://m.media-amazon.com/images/I/31TqyKO3LzL._SL500_.jpg" alt="Product Image"></a><p>Amazon Essentials Unisex Kids' Cotton Crew Socks, 10 Pairs, White/Grey, Large</p><p>$11.40</p><a href="https://www.amazon.com/dp/B07JL9J6NW?tag=eloabder-20&linkCode=osi&th=1&psc=1">View Product</a></div>


























































<div class="product"><a href="https://www.amazon.com/dp/B00VTVE4Z6?tag=eloabder-20&linkCode=osi&th=1&psc=1"><img src="https://m.media-amazon.com/images/I/21Gp9b3ASJL._SL500_.jpg" alt="Product Image"></a><p>Fruit Of The Loom Boys Eversoft Cotton Undershirts, T Shirts & Tank Tops Underwear, T Shirt - Boys - 5 Pack - White, X-Large US</p><p>$9.99</p><a href="https://www.amazon.com/dp/B00VTVE4Z6?tag=eloabder-20&linkCode=osi&th=1&psc=1">View Product</a></div>

<div class="product"><a href="https://www.amazon.com/dp/B07T8C2FGP?tag=eloabder-20&linkCode=osi&th=1&psc=1"><img src="https://m.media-amazon.com/images/I/11REPowhbuL._SL500_.jpg" alt="Product Image"></a><p>Hanes Boys' Tank Undershirt, EcoSmart Cotton Shirt, Multiple Packs Available, White, Small</p><p>$9.00</p><a href="https://www.amazon.com/dp/B07T8C2FGP?tag=eloabder-20&linkCode=osi&th=1&psc=1">View Product</a></div><div class="product"><a href="https://www.amazon.com/dp/B07GLLY1B5?tag=eloabder-20&linkCode=osi&th=1&psc=1"><img src="https://m.media-amazon.com/images/I/21jImswBMOL._SL500_.jpg" alt="Product Image"></a><p>Fruit Of The Loom Boys Eversoft Cotton Undershirts, T Shirts & Tank Tops Underwear, Tank - Boys - 10 Pack - White, Small US</p><p>$18.99</p><a href="https://www.amazon.com/dp/B07GLLY1B5?tag=eloabder-20&linkCode=osi&th=1&psc=1">View Product</a></div>

















<div class="product"><a href="https://www.amazon.com/dp/B0CC6T1BXL?tag=eloabder-20&linkCode=osi&th=1&psc=1"><img src="https://m.media-amazon.com/images/I/51QfOhhRTAL._SL500_.jpg" alt="Product Image"></a><p>Hanes Boys' Big Performance Tween Boxer Brief Pack, X-Temp Mesh Underwear, Assorted, 6-Pack, Black/Blue/Green/Grey-6 Pack, X-Large</p><p>$16.13</p><a href="https://www.amazon.com/dp/B0CC6T1BXL?tag=eloabder-20&linkCode=osi&th=1&psc=1">View Product</a></div>
<div class="product"><a href="https://www.amazon.com/dp/B0CC6VPJ9T?tag=eloabder-20&linkCode=osi&th=1&psc=1"><img src="https://m.media-amazon.com/images/I/51QfOhhRTAL._SL500_.jpg" alt="Product Image"></a><p>Hanes Boys' Big Performance Tween Boxer Brief Pack, X-Temp Mesh Underwear, Assorted, Black/Blue/Green/Grey - 6 Pack, Small</p><p>$15.29</p><a href="https://www.amazon.com/dp/B0CC6VPJ9T?tag=eloabder-20&linkCode=osi&th=1&psc=1">View Product</a></div><div class="product"><a href="https://www.amazon.com/dp/B0BHX9MGTV?tag=eloabder-20&linkCode=osi&th=1&psc=1"><img src="https://m.media-amazon.com/images/I/41xmYCCb5TL._SL500_.jpg" alt="Product Image"></a><p>Hanes Men's Boys Boxer Briefs Pack, Cool Comfort Tagless Underwear, 7-Pack, Assorted, Large</p><p>$13.00</p><a href="https://www.amazon.com/dp/B0BHX9MGTV?tag=eloabder-20&linkCode=osi&th=1&psc=1">View Product</a></div><div class="product"><a href="https://www.amazon.com/dp/B071JVXMBW?tag=eloabder-20&linkCode=osi&th=1&psc=1"><img src="https://m.media-amazon.com/images/I/41dDO730qNL._SL500_.jpg" alt="Product Image"></a><p>Hanes Boys' and Toddler Underwear, Comfort Flex and ComfortSoft Boxer Briefs, Multiple Packs Available, Assorted-7 Pack, Large</p><p>$13.00</p><a href="https://www.amazon.com/dp/B071JVXMBW?tag=eloabder-20&linkCode=osi&th=1&psc=1">View Product</a></div>
<div class="product"><a href="https://www.amazon.com/dp/B0BHX978MW?tag=eloabder-20&linkCode=osi&th=1&psc=1"><img src="https://m.media-amazon.com/images/I/41DVOhGuwJL._SL500_.jpg" alt="Product Image"></a><p>Hanes Boys' and Toddler Underwear, Comfort Flex and ComfortSoft Boxer Briefs, Multiple Packs Available, Solids/Prints Assorted-pack of 10, Large</p><p>$18.49</p><a href="https://www.amazon.com/dp/B0BHX978MW?tag=eloabder-20&linkCode=osi&th=1&psc=1">View Product</a></div>
<div class="product"><a href="https://www.amazon.com/dp/B0BHXBJPZ6?tag=eloabder-20&linkCode=osi&th=1&psc=1"><img src="https://m.media-amazon.com/images/I/41xmYCCb5TL._SL500_.jpg" alt="Product Image"></a><p>Hanes Men's Boys Boxer Briefs Pack, Cool Comfort Tagless Underwear, 7-Pack, Assorted, Small</p><p>$13.00</p><a href="https://www.amazon.com/dp/B0BHXBJPZ6?tag=eloabder-20&linkCode=osi&th=1&psc=1">View Product</a></div><div class="product"><a href="https://www.amazon.com/dp/B07T9FYQS8?tag=eloabder-20&linkCode=osi&th=1&psc=1"><img src="https://m.media-amazon.com/images/I/41hpu+H+4BS._SL500_.jpg" alt="Product Image"></a><p>Hanes Boys' X-Temp Boxer Briefs, Moisture Wicking Breathable Underwear, Tagless, Assorted 6 Pack, Medium</p><p>$14.45</p><a href="https://www.amazon.com/dp/B07T9FYQS8?tag=eloabder-20&linkCode=osi&th=1&psc=1">View Product</a></div>
<div class="product"><a href="https://www.amazon.com/dp/B00S4GMSOI?tag=eloabder-20&linkCode=osi&th=1&psc=1"><img src="https://m.media-amazon.com/images/I/31iFPCkYcTL._SL500_.jpg" alt="Product Image"></a><p>Hanes Boys Socks, Double Tough Cushioned Crew 12-pair Packs Athletic-socks, White/Grey Bottom, Large US</p><p>$9.99</p><a href="https://www.amazon.com/dp/B00S4GMSOI?tag=eloabder-20&linkCode=osi&th=1&psc=1">View Product</a></div>



























<div class="product"><a href="https://www.amazon.com/dp/B07VWPNFMD?tag=eloabder-20&linkCode=osi&th=1&psc=1"><img src="https://m.media-amazon.com/images/I/41LJTb0eozL._SL500_.jpg" alt="Product Image"></a><p>Under Armour Youth Training Cotton Crew Socks, Multipairs , Black (6-Pairs) , Small</p><p>$17.99</p><a href="https://www.amazon.com/dp/B07VWPNFMD?tag=eloabder-20&linkCode=osi&th=1&psc=1">View Product</a></div>
<div class="product"><a href="https://www.amazon.com/dp/B00BXFGBAY?tag=eloabder-20&linkCode=osi&th=1&psc=1"><img src="https://m.media-amazon.com/images/I/31u+gpU4SqL._SL500_.jpg" alt="Product Image"></a><p>PHILIP B. Gentle Conditioning Shampoo 32 oz. (947 ml) | Light-weight Hair Moisturizer, Protecting Color, Adds Softness and Shine</p><p>$115.00 ($3.59 / Fl Oz)</p><a href="https://www.amazon.com/dp/B00BXFGBAY?tag=eloabder-20&linkCode=osi&th=1&psc=1">View Product</a></div>


<div class="product"><a href="https://www.amazon.com/dp/B07P9RWTVK?tag=eloabder-20&linkCode=osi&th=1&psc=1"><img src="https://m.media-amazon.com/images/I/51UYs9+XaEL._SL500_.jpg" alt="Product Image"></a><p>Cczmfeas Boys Toddler Dinosaur Cotton Underwear Boxer Briefs 6 Pack (6-8 Years, C- 6 Pack) Navy</p><p>$14.99</p><a href="https://www.amazon.com/dp/B07P9RWTVK?tag=eloabder-20&linkCode=osi&th=1&psc=1">View Product</a></div>





















<div class="product"><a href="https://www.amazon.com/dp/B07JXFXFDN?tag=eloabder-20&linkCode=osi&th=1&psc=1"><img src="https://m.media-amazon.com/images/I/31cedI+SL+L._SL500_.jpg" alt="Product Image"></a><p>Amazon Essentials Boys' Cotton Crew Sports Socks, 10 Pairs, White Stripe, Medium</p><p>$13.30</p><a href="https://www.amazon.com/dp/B07JXFXFDN?tag=eloabder-20&linkCode=osi&th=1&psc=1">View Product</a></div><div class="product"><a href="https://www.amazon.com/dp/B07JL9J6NW?tag=eloabder-20&linkCode=osi&th=1&psc=1"><img src="https://m.media-amazon.com/images/I/31TqyKO3LzL._SL500_.jpg" alt="Product Image"></a><p>Amazon Essentials Unisex Kids' Cotton Crew Socks, 10 Pairs, White/Grey, Large</p><p>$11.40</p><a href="https://www.amazon.com/dp/B07JL9J6NW?tag=eloabder-20&linkCode=osi&th=1&psc=1">View Product</a></div>



























































<div class="product"><a href="https://www.amazon.com/dp/B00VTVE4Z6?tag=eloabder-20&linkCode=osi&th=1&psc=1"><img src="https://m.media-amazon.com/images/I/21Gp9b3ASJL._SL500_.jpg" alt="Product Image"></a><p>Fruit Of The Loom Boys Eversoft Cotton Undershirts, T Shirts & Tank Tops Underwear, T Shirt - Boys - 5 Pack - White, X-Large US</p><p>$9.99</p><a href="https://www.amazon.com/dp/B00VTVE4Z6?tag=eloabder-20&linkCode=osi&th=1&psc=1">View Product</a></div>

<div class="product"><a href="https://www.amazon.com/dp/B07T8C2FGP?tag=eloabder-20&linkCode=osi&th=1&psc=1"><img src="https://m.media-amazon.com/images/I/11REPowhbuL._SL500_.jpg" alt="Product Image"></a><p>Hanes Boys' Tank Undershirt, EcoSmart Cotton Shirt, Multiple Packs Available, White, Small</p><p>$9.00</p><a href="https://www.amazon.com/dp/B07T8C2FGP?tag=eloabder-20&linkCode=osi&th=1&psc=1">View Product</a></div><div class="product"><a href="https://www.amazon.com/dp/B07GLLY1B5?tag=eloabder-20&linkCode=osi&th=1&psc=1"><img src="https://m.media-amazon.com/images/I/21jImswBMOL._SL500_.jpg" alt="Product Image"></a><p>Fruit Of The Loom Boys Eversoft Cotton Undershirts, T Shirts & Tank Tops Underwear, Tank - Boys - 10 Pack - White, Small US</p><p>$18.99</p><a href="https://www.amazon.com/dp/B07GLLY1B5?tag=eloabder-20&linkCode=osi&th=1&psc=1">View Product</a></div>

















<div class="product"><a href="https://www.amazon.com/dp/B0CC6T1BXL?tag=eloabder-20&linkCode=osi&th=1&psc=1"><img src="https://m.media-amazon.com/images/I/51QfOhhRTAL._SL500_.jpg" alt="Product Image"></a><p>Hanes Boys' Big Performance Tween Boxer Brief Pack, X-Temp Mesh Underwear, Assorted, 6-Pack, Black/Blue/Green/Grey-6 Pack, X-Large</p><p>$16.13</p><a href="https://www.amazon.com/dp/B0CC6T1BXL?tag=eloabder-20&linkCode=osi&th=1&psc=1">View Product</a></div>
<div class="product"><a href="https://www.amazon.com/dp/B0CC6VPJ9T?tag=eloabder-20&linkCode=osi&th=1&psc=1"><img src="https://m.media-amazon.com/images/I/51QfOhhRTAL._SL500_.jpg" alt="Product Image"></a><p>Hanes Boys' Big Performance Tween Boxer Brief Pack, X-Temp Mesh Underwear, Assorted, Black/Blue/Green/Grey - 6 Pack, Small</p><p>$15.29</p><a href="https://www.amazon.com/dp/B0CC6VPJ9T?tag=eloabder-20&linkCode=osi&th=1&psc=1">View Product</a></div><div class="product"><a href="https://www.amazon.com/dp/B0BHX9MGTV?tag=eloabder-20&linkCode=osi&th=1&psc=1"><img src="https://m.media-amazon.com/images/I/41xmYCCb5TL._SL500_.jpg" alt="Product Image"></a><p>Hanes Men's Boys Boxer Briefs Pack, Cool Comfort Tagless Underwear, 7-Pack, Assorted, Large</p><p>$13.00</p><a href="https://www.amazon.com/dp/B0BHX9MGTV?tag=eloabder-20&linkCode=osi&th=1&psc=1">View Product</a></div><div class="product"><a href="https://www.amazon.com/dp/B071JVXMBW?tag=eloabder-20&linkCode=osi&th=1&psc=1"><img src="https://m.media-amazon.com/images/I/41dDO730qNL._SL500_.jpg" alt="Product Image"></a><p>Hanes Boys' and Toddler Underwear, Comfort Flex and ComfortSoft Boxer Briefs, Multiple Packs Available, Assorted-7 Pack, Large</p><p>$13.00</p><a href="https://www.amazon.com/dp/B071JVXMBW?tag=eloabder-20&linkCode=osi&th=1&psc=1">View Product</a></div>
<div class="product"><a href="https://www.amazon.com/dp/B0BHX978MW?tag=eloabder-20&linkCode=osi&th=1&psc=1"><img src="https://m.media-amazon.com/images/I/41DVOhGuwJL._SL500_.jpg" alt="Product Image"></a><p>Hanes Boys' and Toddler Underwear, Comfort Flex and ComfortSoft Boxer Briefs, Multiple Packs Available, Solids/Prints Assorted-pack of 10, Large</p><p>$18.49</p><a href="https://www.amazon.com/dp/B0BHX978MW?tag=eloabder-20&linkCode=osi&th=1&psc=1">View Product</a></div>
<div class="product"><a href="https://www.amazon.com/dp/B0BHXBJPZ6?tag=eloabder-20&linkCode=osi&th=1&psc=1"><img src="https://m.media-amazon.com/images/I/41xmYCCb5TL._SL500_.jpg" alt="Product Image"></a><p>Hanes Men's Boys Boxer Briefs Pack, Cool Comfort Tagless Underwear, 7-Pack, Assorted, Small</p><p>$13.00</p><a href="https://www.amazon.com/dp/B0BHXBJPZ6?tag=eloabder-20&linkCode=osi&th=1&psc=1">View Product</a></div><div class="product"><a href="https://www.amazon.com/dp/B07T9FYQS8?tag=eloabder-20&linkCode=osi&th=1&psc=1"><img src="https://m.media-amazon.com/images/I/41hpu+H+4BS._SL500_.jpg" alt="Product Image"></a><p>Hanes Boys' X-Temp Boxer Briefs, Moisture Wicking Breathable Underwear, Tagless, Assorted 6 Pack, Medium</p><p>$14.45</p><a href="https://www.amazon.com/dp/B07T9FYQS8?tag=eloabder-20&linkCode=osi&th=1&psc=1">View Product</a></div>
<div class="product"><a href="https://www.amazon.com/dp/B00S4GMSOI?tag=eloabder-20&linkCode=osi&th=1&psc=1"><img src="https://m.media-amazon.com/images/I/31iFPCkYcTL._SL500_.jpg" alt="Product Image"></a><p>Hanes Boys Socks, Double Tough Cushioned Crew 12-pair Packs Athletic-socks, White/Grey Bottom, Large US</p><p>$9.99</p><a href="https://www.amazon.com/dp/B00S4GMSOI?tag=eloabder-20&linkCode=osi&th=1&psc=1">View Product</a></div>



























<div class="product"><a href="https://www.amazon.com/dp/B07VWPNFMD?tag=eloabder-20&linkCode=osi&th=1&psc=1"><img src="https://m.media-amazon.com/images/I/41LJTb0eozL._SL500_.jpg" alt="Product Image"></a><p>Under Armour Youth Training Cotton Crew Socks, Multipairs , Black (6-Pairs) , Small</p><p>$17.99</p><a href="https://www.amazon.com/dp/B07VWPNFMD?tag=eloabder-20&linkCode=osi&th=1&psc=1">View Product</a></div>
<div class="product"><a href="https://www.amazon.com/dp/B00BXFGBAY?tag=eloabder-20&linkCode=osi&th=1&psc=1"><img src="https://m.media-amazon.com/images/I/31u+gpU4SqL._SL500_.jpg" alt="Product Image"></a><p>PHILIP B. Gentle Conditioning Shampoo 32 oz. (947 ml) | Light-weight Hair Moisturizer, Protecting Color, Adds Softness and Shine</p><p>$115.00 ($3.59 / Fl Oz)</p><a href="https://www.amazon.com/dp/B00BXFGBAY?tag=eloabder-20&linkCode=osi&th=1&psc=1">View Product</a></div>


<div class="product"><a href="https://www.amazon.com/dp/B07P9RWTVK?tag=eloabder-20&linkCode=osi&th=1&psc=1"><img src="https://m.media-amazon.com/images/I/51UYs9+XaEL._SL500_.jpg" alt="Product Image"></a><p>Cczmfeas Boys Toddler Dinosaur Cotton Underwear Boxer Briefs 6 Pack (6-8 Years, C- 6 Pack) Navy</p><p>$14.99</p><a href="https://www.amazon.com/dp/B07P9RWTVK?tag=eloabder-20&linkCode=osi&th=1&psc=1">View Product</a></div>





















<div class="product"><a href="https://www.amazon.com/dp/B07JXFXFDN?tag=eloabder-20&linkCode=osi&th=1&psc=1"><img src="https://m.media-amazon.com/images/I/31cedI+SL+L._SL500_.jpg" alt="Product Image"></a><p>Amazon Essentials Boys' Cotton Crew Sports Socks, 10 Pairs, White Stripe, Medium</p><p>$13.30</p><a href="https://www.amazon.com/dp/B07JXFXFDN?tag=eloabder-20&linkCode=osi&th=1&psc=1">View Product</a></div><div class="product"><a href="https://www.amazon.com/dp/B07JL9J6NW?tag=eloabder-20&linkCode=osi&th=1&psc=1"><img src="https://m.media-amazon.com/images/I/31TqyKO3LzL._SL500_.jpg" alt="Product Image"></a><p>Amazon Essentials Unisex Kids' Cotton Crew Socks, 10 Pairs, White/Grey, Large</p><p>$11.40</p><a href="https://www.amazon.com/dp/B07JL9J6NW?tag=eloabder-20&linkCode=osi&th=1&psc=1">View Product</a></div>



















































2